MESSAGE_ID,MESSAGE_TYPE,SYMBOL,PRICE,SIZE,TRADE_ID,TRADE_FLAGS
2019-10-30 13:30:00.592642048,2019-10-30 13:30:00.592616653,94864,T,IEX,303.410000,21
2019-10-30 13:30:02.64295936,2019-10-30 13:30:02.64272955,103362,T,IEX,303.380000,100
2019-10-30 13:30:02.425817088,2019-10-30 13:30:02.425792269,104561,T,IEX,303.350000,100
2019-10-30 13:30:03.58732032,2019-10-30 13:30:03.58706042,106124,T,IEX,303.350000,100
2019-10-30 13:30:10.841797120,2019-10-30 13:30:10.841771120,120935,T,IEX,303.350000,20
2019-10-30 13:30:20.102910976,2019-10-30 13:30:20.102888233,131997,T,IEX,303.290000,100
2019-10-30 13:30:22.580100096,2019-10-30 13:30:22.580076759,134522,T,IEX,303.300000,100
2019-10-30 13:30:26.696882944,2019-10-30 13:30:26.696859707,139450,T,IEX,303.250000,100
2019-10-30 13:30:34.15414016,2019-10-30 13:30:34.15388054,147391,T,IEX,303.210000,16
2019-10-30 13:30:37.91345920,2019-10-30 13:30:37.91320185,151431,T,IEX,303.200000,100
2019-10-30 13:30:41.607900928,2019-10-30 13:30:41.607874726,155775,T,IEX,303.200000,41
2019-10-30 13:30:51.787383040,2019-10-30 13:30:51.787355941,164979,T,IEX,303.150000,4
2019-10-30 13:30:53.761337088,2019-10-30 13:30:53.761311188,166713,T,IEX,303.180000,100
2019-10-30 13:31:04.125906944,2019-10-30 13:31:04.125880839,180794,T,IEX,303.220000,100
2019-10-30 13:31:12.533199872,2019-10-30 13:31:12.533176575,191840,T,IEX,303.160000,100
2019-10-30 13:31:34.746003968,2019-10-30 13:31:34.745978677,213308,T,IEX,303.135000,500
2019-10-30 13:31:34.747084032,2019-10-30 13:31:34.747059207,213309,T,IEX,303.135000,500
2019-10-30 13:31:39.665143040,2019-10-30 13:31:39.665120625,217879,T,IEX,303.170000,100
2019-10-30 13:31:40.55152128,2019-10-30 13:31:40.55127313,218730,T,IEX,303.170000,83
2019-10-30 13:31:41.215581952,2019-10-30 13:31:41.215557243,219924,T,IEX,303.155000,6
2019-10-30 13:31:42.262160896,2019-10-30 13:31:42.262139547,220662,T,IEX,303.155000,1
2019-10-30 13:31:50.213608960,2019-10-30 13:31:50.213588078,227339,T,IEX,303.160000,200
2019-10-30 13:31:50.224856064,2019-10-30 13:31:50.224828786,227354,T,IEX,303.165000,93
2019-10-30 13:31:50.224900096,2019-10-30 13:31:50.224880505,227355,T,IEX,303.165000,407
2019-10-30 13:31:50.231718912,2019-10-30 13:31:50.231695197,227360,T,IEX,303.170000,97
2019-10-30 13:32:06.440760064,2019-10-30 13:32:06.440735775,244315,T,IEX,303.135000,200
2019-10-30 13:32:06.688505088,2019-10-30 13:32:06.688482256,244509,T,IEX,303.150000,12
2019-10-30 13:32:08.923813888,2019-10-30 13:32:08.923790545,247004,T,IEX,303.150000,100
2019-10-30 13:32:26.927501056,2019-10-30 13:32:26.927480380,264404,T,IEX,303.140000,3
2019-10-30 13:32:33.622288896,2019-10-30 13:32:33.622263181,270461,T,IEX,303.140000,100
2019-10-30 13:32:48.656284928,2019-10-30 13:32:48.656261090,284987,T,IEX,303.140000,100
2019-10-30 13:33:05.983505920,2019-10-30 13:33:05.983483800,305300,T,IEX,303.130000,100
2019-10-30 13:33:05.984677888,2019-10-30 13:33:05.984660628,305302,T,IEX,303.130000,200
2019-10-30 13:33:06.252200960,2019-10-30 13:33:06.252185509,305836,T,IEX,303.140000,100
2019-10-30 13:33:14.645256960,2019-10-30 13:33:14.645240752,313928,T,IEX,303.130000,30
2019-10-30 13:33:22.777847040,2019-10-30 13:33:22.777826579,322613,T,IEX,303.125000,100
2019-10-30 13:33:23.533604096,2019-10-30 13:33:23.533585712,323330,T,IEX,303.140000,100
2019-10-30 13:33:23.742714880,2019-10-30 13:33:23.742696112,323688,T,IEX,303.130000,100
2019-10-30 13:33:37.964367104,2019-10-30 13:33:37.964349599,336712,T,IEX,303.145000,100
2019-10-30 13:33:41.934355968,2019-10-30 13:33:41.934335491,340939,T,IEX,303.170000,100
2019-10-30 13:33:41.939143936,2019-10-30 13:33:41.939124902,340946,T,IEX,303.170000,100
2019-10-30 13:33:41.941180928,2019-10-30 13:33:41.941161125,340949,T,IEX,303.170000,100
2019-10-30 13:33:57.452691968,2019-10-30 13:33:57.452671235,354987,T,IEX,303.130000,100
2019-10-30 13:33:59.163272960,2019-10-30 13:33:59.163256927,356487,T,IEX,303.135000,100
2019-10-30 13:34:00.576082944,2019-10-30 13:34:00.576063010,358307,T,IEX,303.120000,100
2019-10-30 13:34:02.711256064,2019-10-30 13:34:02.711235120,361657,T,IEX,303.100000,100
2019-10-30 13:34:05.245808128,2019-10-30 13:34:05.245789886,364120,T,IEX,303.110000,100
2019-10-30 13:34:09.464145920,2019-10-30 13:34:09.464128475,368547,T,IEX,303.070000,100
2019-10-30 13:34:10.584811008,2019-10-30 13:34:10.584791078,369718,T,IEX,303.065000,100
2019-10-30 13:34:21.487910912,2019-10-30 13:34:21.487893361,379901,T,IEX,303.050000,100
2019-10-30 13:34:28.182141952,2019-10-30 13:34:28.182122202,387009,T,IEX,303.040000,100
2019-10-30 13:34:28.553648896,2019-10-30 13:34:28.553631940,387533,T,IEX,303.050000,100
2019-10-30 13:34:44.11954944,2019-10-30 13:34:44.11936313,404018,T,IEX,303.000000,100
2019-10-30 13:34:45.418643968,2019-10-30 13:34:45.418623364,405862,T,IEX,302.960000,500
2019-10-30 13:34:45.418694912,2019-10-30 13:34:45.418678250,405863,T,IEX,302.960000,100
2019-10-30 13:34:46.636593920,2019-10-30 13:34:46.636574357,407002,T,IEX,302.990000,100
2019-10-30 13:34:50.552122112,2019-10-30 13:34:50.552101846,410159,T,IEX,302.980000,50
2019-10-30 13:34:51.376832000,2019-10-30 13:34:51.376813301,410840,T,IEX,302.980000,50
2019-10-30 13:35:02.624752896,2019-10-30 13:35:02.624735169,424787,T,IEX,302.910000,100
2019-10-30 13:35:05.98183936,2019-10-30 13:35:05.98165284,428328,T,IEX,302.910000,50
2019-10-30 13:35:05.126368000,2019-10-30 13:35:05.126352367,428551,T,IEX,302.910000,50
2019-10-30 13:35:05.136691968,2019-10-30 13:35:05.136676060,428704,T,IEX,302.900000,50
2019-10-30 13:35:16.890457088,2019-10-30 13:35:16.890436456,446387,T,IEX,302.880000,70
2019-10-30 13:35:16.892545024,2019-10-30 13:35:16.892525311,446427,T,IEX,302.880000,30
2019-10-30 13:35:17.475179008,2019-10-30 13:35:17.475106833,447793,T,IEX,302.885000,100
2019-10-30 13:35:17.859147008,2019-10-30 13:35:17.859126889,448378,T,IEX,302.900000,136
2019-10-30 13:35:24.811938048,2019-10-30 13:35:24.811917622,456711,T,IEX,302.910000,9
2019-10-30 13:35:34.710569984,2019-10-30 13:35:34.710545179,466642,T,IEX,302.930000,100
2019-10-30 13:35:47.687013120,2019-10-30 13:35:47.686996470,480790,T,IEX,302.985000,100
2019-10-30 13:35:47.693753088,2019-10-30 13:35:47.693733383,480799,T,IEX,302.985000,100
2019-10-30 13:35:49.908429056,2019-10-30 13:35:49.908408067,483161,T,IEX,302.985000,100
2019-10-30 13:35:54.539126016,2019-10-30 13:35:54.539107127,487516,T,IEX,303.000000,100
2019-10-30 13:35:54.540164096,2019-10-30 13:35:54.540144467,487567,T,IEX,303.010000,500
2019-10-30 13:35:54.642123008,2019-10-30 13:35:54.642102553,487971,T,IEX,303.000000,100
2019-10-30 13:36:08.192214016,2019-10-30 13:36:08.192194139,504729,T,IEX,302.945000,100
2019-10-30 13:36:08.229551104,2019-10-30 13:36:08.229531068,504754,T,IEX,302.945000,100
2019-10-30 13:36:10.111951104,2019-10-30 13:36:10.111932134,506776,T,IEX,302.940000,100
2019-10-30 13:36:12.877872128,2019-10-30 13:36:12.877852443,508969,T,IEX,302.940000,38
2019-10-30 13:36:22.398127104,2019-10-30 13:36:22.398109399,517372,T,IEX,302.945000,45
2019-10-30 13:36:27.141740032,2019-10-30 13:36:27.141717756,521282,T,IEX,302.920000,100
2019-10-30 13:36:28.971544064,2019-10-30 13:36:28.971522809,523310,T,IEX,302.895000,2
2019-10-30 13:36:30.833794048,2019-10-30 13:36:30.833775813,524878,T,IEX,302.885000,1
2019-10-30 13:36:30.934354944,2019-10-30 13:36:30.934334302,524951,T,IEX,302.880000,63
2019-10-30 13:36:32.6679040,2019-10-30 13:36:32.6661590,525979,T,IEX,302.895000,60
2019-10-30 13:36:37.147457024,2019-10-30 13:36:37.147439850,531049,T,IEX,302.925000,40
2019-10-30 13:36:39.72187904,2019-10-30 13:36:39.72168932,533195,T,IEX,302.925000,98
2019-10-30 13:36:40.229712896,2019-10-30 13:36:40.229696978,534808,T,IEX,302.945000,100
2019-10-30 13:36:40.229764096,2019-10-30 13:36:40.229747479,534809,T,IEX,302.945000,2
2019-10-30 13:36:42.251013888,2019-10-30 13:36:42.250995453,536649,T,IEX,302.945000,20
2019-10-30 13:36:43.47912960,2019-10-30 13:36:43.47894687,537260,T,IEX,302.945000,11
2019-10-30 13:36:43.804325888,2019-10-30 13:36:43.804306639,537960,T,IEX,302.945000,3
2019-10-30 13:36:44.493256960,2019-10-30 13:36:44.493234717,538659,T,IEX,302.955000,15
2019-10-30 13:36:45.45984000,2019-10-30 13:36:45.45963524,539105,T,IEX,302.955000,14
2019-10-30 13:36:45.155153920,2019-10-30 13:36:45.155137398,539241,T,IEX,302.955000,2
2019-10-30 13:36:46.416592896,2019-10-30 13:36:46.416576582,540605,T,IEX,302.965000,100
2019-10-30 13:36:46.416652032,2019-10-30 13:36:46.416635314,540606,T,IEX,302.965000,2
2019-10-30 13:36:47.319017984,2019-10-30 13:36:47.318998426,541196,T,IEX,302.960000,100
2019-10-30 13:36:48.868407040,2019-10-30 13:36:48.868391097,542543,T,IEX,302.945000,38
2019-10-30 13:36:58.520796928,2019-10-30 13:36:58.520779519,551913,T,IEX,302.935000,1
2019-10-30 13:37:08.359437056,2019-10-30 13:37:08.359415607,563073,T,IEX,302.895000,17
2019-10-30 13:37:10.762236928,2019-10-30 13:37:10.762221177,565636,T,IEX,302.890000,100
2019-10-30 13:37:15.922320896,2019-10-30 13:37:15.922300872,570800,T,IEX,302.900000,45
2019-10-30 13:37:31.270611968,2019-10-30 13:37:31.270592286,588178,T,IEX,302.800000,100
2019-10-30 13:37:31.270854912,2019-10-30 13:37:31.270835613,588187,T,IEX,302.800000,24
2019-10-30 13:37:31.271152896,2019-10-30 13:37:31.271130946,588203,T,IEX,302.800000,76
2019-10-30 13:37:32.519028992,2019-10-30 13:37:32.519011652,589672,T,IEX,302.795000,200
2019-10-30 13:37:34.751844096,2019-10-30 13:37:34.751824758,591472,T,IEX,302.800000,100
2019-10-30 13:37:34.751894016,2019-10-30 13:37:34.751877192,591473,T,IEX,302.800000,100
2019-10-30 13:37:35.372005120,2019-10-30 13:37:35.371987269,592071,T,IEX,302.790000,100
2019-10-30 13:37:39.11112960,2019-10-30 13:37:39.11094183,595500,T,IEX,302.810000,375
2019-10-30 13:37:41.36922880,2019-10-30 13:37:41.36902978,597277,T,IEX,302.795000,172
2019-10-30 13:37:41.575443968,2019-10-30 13:37:41.575428461,597685,T,IEX,302.795000,102
2019-10-30 13:37:43.577441024,2019-10-30 13:37:43.577421232,601016,T,IEX,302.780000,100
2019-10-30 13:37:43.577495040,2019-10-30 13:37:43.577477927,601018,T,IEX,302.780000,100
2019-10-30 13:37:51.198350080,2019-10-30 13:37:51.198334674,606976,T,IEX,302.795000,2
2019-10-30 13:37:52.608687104,2019-10-30 13:37:52.608668674,608022,T,IEX,302.780000,500
2019-10-30 13:37:53.196807936,2019-10-30 13:37:53.196788485,608710,T,IEX,302.795000,72
2019-10-30 13:37:53.213261056,2019-10-30 13:37:53.213241926,608743,T,IEX,302.800000,100
2019-10-30 13:37:53.913231872,2019-10-30 13:37:53.913210241,609216,T,IEX,302.795000,221
2019-10-30 13:37:55.36250880,2019-10-30 13:37:55.36233615,610102,T,IEX,302.775000,18
2019-10-30 13:37:55.409381120,2019-10-30 13:37:55.409365506,610304,T,IEX,302.775000,20
2019-10-30 13:38:02.28589056,2019-10-30 13:38:02.28568866,617059,T,IEX,302.790000,100
2019-10-30 13:38:02.28632064,2019-10-30 13:38:02.28615539,617060,T,IEX,302.790000,3
2019-10-30 13:38:02.28672000,2019-10-30 13:38:02.28655446,617061,T,IEX,302.790000,100
2019-10-30 13:38:02.28712960,2019-10-30 13:38:02.28696521,617062,T,IEX,302.790000,100
2019-10-30 13:38:02.28748032,2019-10-30 13:38:02.28731084,617063,T,IEX,302.790000,900
2019-10-30 13:38:02.41595904,2019-10-30 13:38:02.41579491,617103,T,IEX,302.800000,100
2019-10-30 13:38:02.838594048,2019-10-30 13:38:02.838571544,618182,T,IEX,302.775000,100
2019-10-30 13:38:03.660866048,2019-10-30 13:38:03.660845030,619368,T,IEX,302.760000,66
2019-10-30 13:38:04.660755968,2019-10-30 13:38:04.660737764,620565,T,IEX,302.750000,200
2019-10-30 13:38:05.36474112,2019-10-30 13:38:05.36453463,620979,T,IEX,302.750000,500
2019-10-30 13:38:05.44696064,2019-10-30 13:38:05.44677307,621019,T,IEX,302.750000,100
2019-10-30 13:38:05.44751104,2019-10-30 13:38:05.44731928,621020,T,IEX,302.750000,700
2019-10-30 13:38:05.44881920,2019-10-30 13:38:05.44865525,621024,T,IEX,302.750000,300
2019-10-30 13:38:09.598212096,2019-10-30 13:38:09.598196727,626096,T,IEX,302.750000,100
2019-10-30 13:38:09.991164928,2019-10-30 13:38:09.991145914,626639,T,IEX,302.730000,100
2019-10-30 13:38:09.991190016,2019-10-30 13:38:09.991173187,626640,T,IEX,302.730000,100
2019-10-30 13:38:13.58267904,2019-10-30 13:38:13.58251892,628994,T,IEX,302.730000,100
2019-10-30 13:38:13.782957056,2019-10-30 13:38:13.782935595,629446,T,IEX,302.730000,100
2019-10-30 13:38:18.187154944,2019-10-30 13:38:18.187135508,634089,T,IEX,302.760000,100
2019-10-30 13:38:18.428296960,2019-10-30 13:38:18.428281483,634261,T,IEX,302.765000,201
2019-10-30 13:38:18.473177088,2019-10-30 13:38:18.473156606,634285,T,IEX,302.765000,97
2019-10-30 13:38:19.630065920,2019-10-30 13:38:19.630048967,635487,T,IEX,302.780000,1
2019-10-30 13:38:25.858668032,2019-10-30 13:38:25.858647888,641197,T,IEX,302.760000,100
2019-10-30 13:38:25.858692096,2019-10-30 13:38:25.858675415,641198,T,IEX,302.760000,315
2019-10-30 13:38:26.711326976,2019-10-30 13:38:26.711310801,641798,T,IEX,302.760000,100
2019-10-30 13:38:26.778135040,2019-10-30 13:38:26.778116545,641994,T,IEX,302.755000,19
2019-10-30 13:38:30.741245952,2019-10-30 13:38:30.741229943,645830,T,IEX,302.720000,10
2019-10-30 13:38:30.752443904,2019-10-30 13:38:30.752422826,645852,T,IEX,302.720000,13
2019-10-30 13:38:34.775489024,2019-10-30 13:38:34.775472921,649148,T,IEX,302.780000,100
2019-10-30 13:38:35.535943936,2019-10-30 13:38:35.535923655,649711,T,IEX,302.770000,20
2019-10-30 13:38:36.355057920,2019-10-30 13:38:36.355039673,650478,T,IEX,302.775000,102
2019-10-30 13:38:36.958084096,2019-10-30 13:38:36.958062787,650878,T,IEX,302.780000,100
2019-10-30 13:38:37.632694016,2019-10-30 13:38:37.632678356,651854,T,IEX,302.765000,100
2019-10-30 13:38:40.380552960,2019-10-30 13:38:40.380531564,654583,T,IEX,302.765000,30
2019-10-30 13:38:41.567209984,2019-10-30 13:38:41.567193912,655595,T,IEX,302.760000,100
2019-10-30 13:38:41.772045056,2019-10-30 13:38:41.772025487,655778,T,IEX,302.745000,16
2019-10-30 13:38:41.774615040,2019-10-30 13:38:41.774595487,655788,T,IEX,302.740000,20
2019-10-30 13:38:41.786140928,2019-10-30 13:38:41.786122631,655854,T,IEX,302.730000,21
2019-10-30 13:38:44.310270976,2019-10-30 13:38:44.310251078,657588,T,IEX,302.740000,100
2019-10-30 13:38:44.311468032,2019-10-30 13:38:44.311445330,657643,T,IEX,302.740000,100
2019-10-30 13:38:44.323238912,2019-10-30 13:38:44.323218757,657777,T,IEX,302.725000,61
2019-10-30 13:38:47.893428992,2019-10-30 13:38:47.893409559,662528,T,IEX,302.715000,70
2019-10-30 13:38:50.24483072,2019-10-30 13:38:50.24466605,665068,T,IEX,302.740000,13
2019-10-30 13:38:52.13236992,2019-10-30 13:38:52.13213726,666811,T,IEX,302.730000,500
2019-10-30 13:38:52.18030080,2019-10-30 13:38:52.18007733,666858,T,IEX,302.730000,15
2019-10-30 13:38:53.15923968,2019-10-30 13:38:53.15903379,667771,T,IEX,302.740000,100
2019-10-30 13:38:53.80729088,2019-10-30 13:38:53.80710540,667895,T,IEX,302.740000,3
2019-10-30 13:39:00.210753024,2019-10-30 13:39:00.210734202,674133,T,IEX,302.740000,300
2019-10-30 13:39:03.744187904,2019-10-30 13:39:03.744168765,677851,T,IEX,302.720000,33
2019-10-30 13:39:03.776905984,2019-10-30 13:39:03.776884484,677958,T,IEX,302.720000,100
2019-10-30 13:39:03.778270976,2019-10-30 13:39:03.778252978,677961,T,IEX,302.720000,100
2019-10-30 13:39:03.779621888,2019-10-30 13:39:03.779599380,677963,T,IEX,302.720000,67
2019-10-30 13:39:04.136354048,2019-10-30 13:39:04.136336194,678271,T,IEX,302.720000,100
2019-10-30 13:39:04.136478976,2019-10-30 13:39:04.136460494,678278,T,IEX,302.720000,100
2019-10-30 13:39:05.314962944,2019-10-30 13:39:05.314944319,680421,T,IEX,302.700000,100
2019-10-30 13:39:08.279929088,2019-10-30 13:39:08.279904003,684103,T,IEX,302.720000,100
2019-10-30 13:39:09.777946112,2019-10-30 13:39:09.777928953,685675,T,IEX,302.710000,100
2019-10-30 13:39:12.116482048,2019-10-30 13:39:12.116466717,687626,T,IEX,302.695000,100
2019-10-30 13:39:12.199655936,2019-10-30 13:39:12.199632795,687769,T,IEX,302.690000,71
2019-10-30 13:39:12.199741952,2019-10-30 13:39:12.199720353,687772,T,IEX,302.690000,29
2019-10-30 13:39:12.241829888,2019-10-30 13:39:12.241813115,688023,T,IEX,302.670000,100
2019-10-30 13:39:12.314050048,2019-10-30 13:39:12.314033107,689053,T,IEX,302.670000,47
2019-10-30 13:39:12.395582976,2019-10-30 13:39:12.395566036,689293,T,IEX,302.670000,100
2019-10-30 13:39:14.577284096,2019-10-30 13:39:14.577264884,691638,T,IEX,302.700000,100
2019-10-30 13:39:21.907268096,2019-10-30 13:39:21.907250300,698397,T,IEX,302.700000,22
2019-10-30 13:39:23.574770944,2019-10-30 13:39:23.574750445,699822,T,IEX,302.700000,16
2019-10-30 13:39:31.4151040,2019-10-30 13:39:31.4133527,705773,T,IEX,302.740000,100
2019-10-30 13:39:40.830812928,2019-10-30 13:39:40.830795349,715483,T,IEX,302.755000,100
2019-10-30 13:39:43.165422080,2019-10-30 13:39:43.165402836,717456,T,IEX,302.750000,100
2019-10-30 13:39:43.165445888,2019-10-30 13:39:43.165429436,717457,T,IEX,302.750000,100
2019-10-30 13:39:49.939950080,2019-10-30 13:39:49.939931096,723073,T,IEX,302.740000,100
2019-10-30 13:39:49.940550912,2019-10-30 13:39:49.940531214,723082,T,IEX,302.740000,58
2019-10-30 13:39:49.952951040,2019-10-30 13:39:49.952930736,723157,T,IEX,302.740000,100
2019-10-30 13:39:53.342408960,2019-10-30 13:39:53.342386578,726931,T,IEX,302.760000,100
2019-10-30 13:39:53.353348096,2019-10-30 13:39:53.353328836,726952,T,IEX,302.770000,100
2019-10-30 13:39:55.820052992,2019-10-30 13:39:55.820035796,729415,T,IEX,302.770000,200
2019-10-30 13:39:59.507162112,2019-10-30 13:39:59.507143521,733981,T,IEX,302.790000,100
2019-10-30 13:40:01.371038976,2019-10-30 13:40:01.371021171,736729,T,IEX,302.760000,100
2019-10-30 13:40:01.371068928,2019-10-30 13:40:01.371053221,736730,T,IEX,302.760000,100
2019-10-30 13:40:13.717665024,2019-10-30 13:40:13.717646441,747260,T,IEX,302.740000,8
2019-10-30 13:40:17.148190976,2019-10-30 13:40:17.148171558,749869,T,IEX,302.730000,100
2019-10-30 13:40:18.802221056,2019-10-30 13:40:18.802203926,751032,T,IEX,302.730000,100
2019-10-30 13:40:20.948342016,2019-10-30 13:40:20.948321968,752727,T,IEX,302.720000,100
2019-10-30 13:40:22.115602944,2019-10-30 13:40:22.115586173,754170,T,IEX,302.700000,100
2019-10-30 13:40:22.133011968,2019-10-30 13:40:22.132995294,754229,T,IEX,302.690000,100
2019-10-30 13:40:22.134411008,2019-10-30 13:40:22.134395964,754236,T,IEX,302.690000,19
2019-10-30 13:40:23.236571904,2019-10-30 13:40:23.236551172,756796,T,IEX,302.680000,100
2019-10-30 13:40:26.587276032,2019-10-30 13:40:26.587256696,759618,T,IEX,302.680000,100
2019-10-30 13:40:27.123475968,2019-10-30 13:40:27.123457180,760083,T,IEX,302.680000,100
2019-10-30 13:40:27.128071936,2019-10-30 13:40:27.128053504,760095,T,IEX,302.680000,98
2019-10-30 13:40:35.738797056,2019-10-30 13:40:35.738778575,766466,T,IEX,302.710000,88
2019-10-30 13:40:35.831621888,2019-10-30 13:40:35.831606521,766698,T,IEX,302.705000,100
2019-10-30 13:40:40.206187008,2019-10-30 13:40:40.206167270,769950,T,IEX,302.690000,87
2019-10-30 13:40:44.409871104,2019-10-30 13:40:44.409852049,774278,T,IEX,302.690000,84
2019-10-30 13:40:45.270245120,2019-10-30 13:40:45.270224938,774942,T,IEX,302.690000,67
2019-10-30 13:40:46.68478976,2019-10-30 13:40:46.68460855,775823,T,IEX,302.700000,59
2019-10-30 13:40:47.308173056,2019-10-30 13:40:47.308154167,777069,T,IEX,302.690000,100
2019-10-30 13:40:54.32286976,2019-10-30 13:40:54.32268466,784178,T,IEX,302.705000,100
2019-10-30 13:40:55.228174080,2019-10-30 13:40:55.228156312,785186,T,IEX,302.680000,93
2019-10-30 13:40:56.21789952,2019-10-30 13:40:56.21769069,785896,T,IEX,302.690000,300
2019-10-30 13:40:58.151907072,2019-10-30 13:40:58.151886203,787854,T,IEX,302.715000,100
2019-10-30 13:40:58.151933952,2019-10-30 13:40:58.151917870,787855,T,IEX,302.715000,100
2019-10-30 13:40:58.264126976,2019-10-30 13:40:58.264110329,787950,T,IEX,302.710000,100
2019-10-30 13:40:58.264153088,2019-10-30 13:40:58.264136410,787951,T,IEX,302.710000,100
2019-10-30 13:41:04.493349120,2019-10-30 13:41:04.493332101,794112,T,IEX,302.720000,100
2019-10-30 13:41:04.493378048,2019-10-30 13:41:04.493362276,794113,T,IEX,302.720000,100
2019-10-30 13:41:05.196211968,2019-10-30 13:41:05.196196043,795126,T,IEX,302.710000,100
2019-10-30 13:41:05.731604992,2019-10-30 13:41:05.731587408,795632,T,IEX,302.710000,400
2019-10-30 13:41:05.735909120,2019-10-30 13:41:05.735885754,795671,T,IEX,302.700000,3
2019-10-30 13:41:14.338065920,2019-10-30 13:41:14.338047836,804859,T,IEX,302.755000,100
2019-10-30 13:41:14.338093056,2019-10-30 13:41:14.338076155,804860,T,IEX,302.755000,100
2019-10-30 13:41:14.338115072,2019-10-30 13:41:14.338099152,804861,T,IEX,302.755000,356
2019-10-30 13:41:14.977392896,2019-10-30 13:41:14.977375106,805306,T,IEX,302.755000,200
2019-10-30 13:41:23.120614912,2019-10-30 13:41:23.120595132,812455,T,IEX,302.755000,1
2019-10-30 13:41:25.770276096,2019-10-30 13:41:25.770256701,814295,T,IEX,302.760000,500
2019-10-30 13:41:26.36592128,2019-10-30 13:41:26.36570483,814660,T,IEX,302.760000,100
2019-10-30 13:41:28.113782016,2019-10-30 13:41:28.113763820,816136,T,IEX,302.755000,1
2019-10-30 13:41:29.225553920,2019-10-30 13:41:29.225532214,817232,T,IEX,302.775000,65
2019-10-30 13:41:30.480019968,2019-10-30 13:41:30.480002219,818198,T,IEX,302.780000,100
2019-10-30 13:41:30.546217984,2019-10-30 13:41:30.546197075,818482,T,IEX,302.775000,50
2019-10-30 13:41:32.192421888,2019-10-30 13:41:32.192400844,819951,T,IEX,302.765000,21
2019-10-30 13:41:32.358016000,2019-10-30 13:41:32.357997618,820013,T,IEX,302.750000,100
2019-10-30 13:41:32.358299904,2019-10-30 13:41:32.358281714,820029,T,IEX,302.760000,100
2019-10-30 13:41:32.371516928,2019-10-30 13:41:32.371495658,820550,T,IEX,302.730000,100
2019-10-30 13:41:32.430001920,2019-10-30 13:41:32.429982520,820752,T,IEX,302.730000,100
2019-10-30 13:41:32.868815872,2019-10-30 13:41:32.868799401,821721,T,IEX,302.735000,11
2019-10-30 13:41:41.647037952,2019-10-30 13:41:41.647018056,828766,T,IEX,302.765000,100
2019-10-30 13:41:45.863217920,2019-10-30 13:41:45.863199713,832503,T,IEX,302.740000,100
2019-10-30 13:41:45.863246080,2019-10-30 13:41:45.863229231,832504,T,IEX,302.740000,100
2019-10-30 13:41:55.40015104,2019-10-30 13:41:55.39993241,839267,T,IEX,302.740000,29
2019-10-30 13:42:00.810982912,2019-10-30 13:42:00.810963750,843377,T,IEX,302.710000,200
2019-10-30 13:42:02.113764096,2019-10-30 13:42:02.113746392,844649,T,IEX,302.700000,47
2019-10-30 13:42:14.756392960,2019-10-30 13:42:14.756374349,856565,T,IEX,302.760000,29
2019-10-30 13:42:23.695729920,2019-10-30 13:42:23.695709365,862706,T,IEX,302.780000,200
2019-10-30 13:42:25.394724096,2019-10-30 13:42:25.394705289,864045,T,IEX,302.790000,200
2019-10-30 13:42:25.394749952,2019-10-30 13:42:25.394733673,864046,T,IEX,302.790000,100
2019-10-30 13:42:25.394776064,2019-10-30 13:42:25.394759506,864047,T,IEX,302.790000,259
2019-10-30 13:42:25.394803968,2019-10-30 13:42:25.394787363,864048,T,IEX,302.790000,100
2019-10-30 13:42:25.394822912,2019-10-30 13:42:25.394806724,864049,T,IEX,302.790000,341
2019-10-30 13:42:25.528897024,2019-10-30 13:42:25.528876726,864097,T,IEX,302.790000,59
2019-10-30 13:42:25.528920064,2019-10-30 13:42:25.528902957,864098,T,IEX,302.790000,87
2019-10-30 13:42:25.568515072,2019-10-30 13:42:25.568495097,864139,T,IEX,302.800000,8
2019-10-30 13:42:28.427707904,2019-10-30 13:42:28.427687196,867596,T,IEX,302.805000,108
2019-10-30 13:42:29.15727104,2019-10-30 13:42:29.15708011,868045,T,IEX,302.805000,100
2019-10-30 13:42:29.217882112,2019-10-30 13:42:29.217863708,868223,T,IEX,302.805000,75
2019-10-30 13:42:29.229764096,2019-10-30 13:42:29.229744509,868228,T,IEX,302.805000,2
2019-10-30 13:42:30.822882048,2019-10-30 13:42:30.822863965,869448,T,IEX,302.805000,5
2019-10-30 13:42:30.847037952,2019-10-30 13:42:30.847021167,869469,T,IEX,302.805000,10
2019-10-30 13:42:32.633658112,2019-10-30 13:42:32.633638705,870927,T,IEX,302.790000,1
2019-10-30 13:42:33.235496960,2019-10-30 13:42:33.235478253,871336,T,IEX,302.790000,23
2019-10-30 13:42:35.365166080,2019-10-30 13:42:35.365148918,872867,T,IEX,302.800000,11
2019-10-30 13:42:44.126088960,2019-10-30 13:42:44.126068889,879214,T,IEX,302.805000,5
2019-10-30 13:42:45.898490880,2019-10-30 13:42:45.898471348,880547,T,IEX,302.815000,100
2019-10-30 13:42:54.459696128,2019-10-30 13:42:54.459679682,887463,T,IEX,302.805000,1
2019-10-30 13:42:55.849190912,2019-10-30 13:42:55.849170593,888358,T,IEX,302.805000,18
2019-10-30 13:42:56.547186944,2019-10-30 13:42:56.547166691,888790,T,IEX,302.805000,50
2019-10-30 13:42:57.454949888,2019-10-30 13:42:57.454932588,889476,T,IEX,302.815000,100
2019-10-30 13:42:57.457274112,2019-10-30 13:42:57.457253983,889479,T,IEX,302.815000,1
2019-10-30 13:42:58.431804928,2019-10-30 13:42:58.431787353,889997,T,IEX,302.805000,1
2019-10-30 13:43:02.647789056,2019-10-30 13:43:02.647766542,892883,T,IEX,302.805000,5
2019-10-30 13:43:06.47689984,2019-10-30 13:43:06.47674386,896363,T,IEX,302.805000,12
2019-10-30 13:43:10.537381120,2019-10-30 13:43:10.537362112,899943,T,IEX,302.825000,51
2019-10-30 13:43:10.880548096,2019-10-30 13:43:10.880526692,900265,T,IEX,302.820000,100
2019-10-30 13:43:10.880577024,2019-10-30 13:43:10.880560909,900266,T,IEX,302.820000,5
2019-10-30 13:43:10.901335040,2019-10-30 13:43:10.901314413,900353,T,IEX,302.830000,29
2019-10-30 13:43:14.427153920,2019-10-30 13:43:14.427134391,903429,T,IEX,302.835000,1
2019-10-30 13:43:14.469574912,2019-10-30 13:43:14.469559691,903461,T,IEX,302.835000,10
2019-10-30 13:43:20.966776064,2019-10-30 13:43:20.966754482,909100,T,IEX,302.840000,14
2019-10-30 13:43:21.623375872,2019-10-30 13:43:21.623357113,909992,T,IEX,302.835000,1
2019-10-30 13:43:22.494492928,2019-10-30 13:43:22.494477928,910690,T,IEX,302.835000,12
2019-10-30 13:43:27.385664000,2019-10-30 13:43:27.385646357,915052,T,IEX,302.855000,100
2019-10-30 13:43:32.942024960,2019-10-30 13:43:32.942008193,919452,T,IEX,302.870000,2
2019-10-30 13:43:33.207546880,2019-10-30 13:43:33.207526864,919655,T,IEX,302.880000,8
2019-10-30 13:43:37.329524992,2019-10-30 13:43:37.329505078,922866,T,IEX,302.885000,100
2019-10-30 13:43:44.426076928,2019-10-30 13:43:44.426053298,928265,T,IEX,302.880000,100
2019-10-30 13:43:44.426725888,2019-10-30 13:43:44.426703771,928296,T,IEX,302.900000,100
2019-10-30 13:43:44.426771968,2019-10-30 13:43:44.426752661,928300,T,IEX,302.900000,100
2019-10-30 13:43:47.885434880,2019-10-30 13:43:47.885410860,932295,T,IEX,302.920000,100
2019-10-30 13:43:47.885454080,2019-10-30 13:43:47.885436364,932296,T,IEX,302.920000,500
2019-10-30 13:43:47.885478912,2019-10-30 13:43:47.885459481,932297,T,IEX,302.920000,500
2019-10-30 13:43:47.885501952,2019-10-30 13:43:47.885485984,932298,T,IEX,302.920000,600
2019-10-30 13:43:48.143112960,2019-10-30 13:43:48.143093310,932470,T,IEX,302.930000,1
2019-10-30 13:43:48.399183104,2019-10-30 13:43:48.399164992,932578,T,IEX,302.930000,5
2019-10-30 13:43:53.442059008,2019-10-30 13:43:53.442038911,936171,T,IEX,302.900000,500
2019-10-30 13:43:53.442084096,2019-10-30 13:43:53.442067846,936172,T,IEX,302.900000,500
2019-10-30 13:43:53.442109952,2019-10-30 13:43:53.442094138,936174,T,IEX,302.900000,100
2019-10-30 13:43:55.43339008,2019-10-30 13:43:55.43322236,937367,T,IEX,302.890000,1
2019-10-30 13:44:00.856766976,2019-10-30 13:44:00.856746897,942221,T,IEX,302.920000,100
2019-10-30 13:44:06.248407040,2019-10-30 13:44:06.248387747,946876,T,IEX,302.935000,34
2019-10-30 13:44:07.81457920,2019-10-30 13:44:07.81436413,947587,T,IEX,302.940000,500
2019-10-30 13:44:07.81489920,2019-10-30 13:44:07.81471179,947589,T,IEX,302.940000,100
2019-10-30 13:44:11.74754048,2019-10-30 13:44:11.74734259,953423,T,IEX,302.930000,100
2019-10-30 13:44:11.74779904,2019-10-30 13:44:11.74761272,953425,T,IEX,302.930000,67
2019-10-30 13:44:13.79547904,2019-10-30 13:44:13.79529644,955297,T,IEX,302.920000,100
2019-10-30 13:44:19.677939968,2019-10-30 13:44:19.677921718,961242,T,IEX,302.930000,500
2019-10-30 13:44:35.441028096,2019-10-30 13:44:35.441009844,971756,T,IEX,302.890000,100
2019-10-30 13:45:04.635634944,2019-10-30 13:45:04.635617405,996702,T,IEX,302.870000,4
2019-10-30 13:45:10.386792960,2019-10-30 13:45:10.386773095,1004561,T,IEX,302.800000,100
2019-10-30 13:45:10.386814976,2019-10-30 13:45:10.386799924,1004562,T,IEX,302.800000,60
2019-10-30 13:45:39.640628992,2019-10-30 13:45:39.640613890,1029754,T,IEX,302.830000,100
2019-10-30 13:45:40.110722048,2019-10-30 13:45:40.110701187,1030098,T,IEX,302.830000,100
2019-10-30 13:45:40.339283968,2019-10-30 13:45:40.339263712,1030311,T,IEX,302.825000,1
2019-10-30 13:45:41.409306880,2019-10-30 13:45:41.409291732,1031245,T,IEX,302.820000,27
2019-10-30 13:45:43.555884032,2019-10-30 13:45:43.555865234,1033916,T,IEX,302.820000,100
2019-10-30 13:45:49.321244928,2019-10-30 13:45:49.321225153,1038453,T,IEX,302.855000,100
2019-10-30 13:45:49.347653888,2019-10-30 13:45:49.347637064,1038471,T,IEX,302.870000,200
2019-10-30 13:46:12.437124096,2019-10-30 13:46:12.437106569,1056798,T,IEX,302.850000,100
2019-10-30 13:46:14.565549056,2019-10-30 13:46:14.565527721,1058426,T,IEX,302.855000,100
2019-10-30 13:46:16.255936000,2019-10-30 13:46:16.255917149,1059999,T,IEX,302.850000,13
2019-10-30 13:46:24.208954880,2019-10-30 13:46:24.208937367,1066154,T,IEX,302.855000,100
2019-10-30 13:46:28.571591936,2019-10-30 13:46:28.571569712,1070125,T,IEX,302.820000,28
2019-10-30 13:46:29.69711104,2019-10-30 13:46:29.69691346,1070475,T,IEX,302.820000,100
2019-10-30 13:46:38.13353984,2019-10-30 13:46:38.13336819,1076706,T,IEX,302.845000,100
2019-10-30 13:46:38.896433920,2019-10-30 13:46:38.896417175,1077243,T,IEX,302.845000,100
2019-10-30 13:46:40.994545920,2019-10-30 13:46:40.994524829,1078689,T,IEX,302.835000,100
2019-10-30 13:46:41.101313024,2019-10-30 13:46:41.101290971,1078844,T,IEX,302.835000,100
2019-10-30 13:46:45.311844096,2019-10-30 13:46:45.311824106,1081668,T,IEX,302.850000,100
2019-10-30 13:46:51.68406016,2019-10-30 13:46:51.68387401,1086193,T,IEX,302.820000,100
2019-10-30 13:46:52.415907072,2019-10-30 13:46:52.415887355,1087348,T,IEX,302.815000,1300
2019-10-30 13:46:53.585457920,2019-10-30 13:46:53.585437312,1088134,T,IEX,302.840000,100
2019-10-30 13:46:53.701733120,2019-10-30 13:46:53.701713960,1089629,T,IEX,302.825000,300
2019-10-30 13:47:01.325636096,2019-10-30 13:47:01.325617209,1095857,T,IEX,302.865000,100
2019-10-30 13:47:01.347632896,2019-10-30 13:47:01.347615051,1095934,T,IEX,302.860000,149
2019-10-30 13:47:01.349296128,2019-10-30 13:47:01.349277002,1095937,T,IEX,302.860000,200
2019-10-30 13:47:01.440800000,2019-10-30 13:47:01.440781896,1096045,T,IEX,302.860000,200
2019-10-30 13:47:01.442533888,2019-10-30 13:47:01.442517632,1096047,T,IEX,302.860000,249
2019-10-30 13:47:01.446345984,2019-10-30 13:47:01.446327772,1096064,T,IEX,302.860000,200
2019-10-30 13:47:02.739723008,2019-10-30 13:47:02.739697737,1097386,T,IEX,302.875000,100
2019-10-30 13:47:05.252364032,2019-10-30 13:47:05.252344118,1099248,T,IEX,302.875000,100
2019-10-30 13:47:08.67271936,2019-10-30 13:47:08.67249884,1100893,T,IEX,302.875000,200
2019-10-30 13:47:08.166584064,2019-10-30 13:47:08.166567905,1100933,T,IEX,302.875000,100
2019-10-30 13:47:13.249254912,2019-10-30 13:47:13.249235440,1104392,T,IEX,302.880000,100
2019-10-30 13:47:13.265105920,2019-10-30 13:47:13.265088103,1104405,T,IEX,302.880000,100
2019-10-30 13:47:17.751600128,2019-10-30 13:47:17.751581767,1107455,T,IEX,302.885000,100
2019-10-30 13:47:17.752641024,2019-10-30 13:47:17.752620681,1107456,T,IEX,302.885000,300
2019-10-30 13:47:19.969633024,2019-10-30 13:47:19.969615707,1108977,T,IEX,302.885000,100
2019-10-30 13:47:19.970791936,2019-10-30 13:47:19.970774897,1108979,T,IEX,302.885000,381
2019-10-30 13:47:20.55532032,2019-10-30 13:47:20.55513998,1109041,T,IEX,302.885000,100
2019-10-30 13:47:23.218898944,2019-10-30 13:47:23.218882170,1111726,T,IEX,302.880000,100
2019-10-30 13:47:24.82187008,2019-10-30 13:47:24.82169082,1112405,T,IEX,302.875000,300
2019-10-30 13:47:29.214436096,2019-10-30 13:47:29.214419506,1116338,T,IEX,302.905000,100
2019-10-30 13:47:35.999365888,2019-10-30 13:47:35.999345931,1123670,T,IEX,302.865000,100
2019-10-30 13:47:50.149574912,2019-10-30 13:47:50.149559669,1134255,T,IEX,302.870000,2
2019-10-30 13:47:50.563682048,2019-10-30 13:47:50.563659473,1134512,T,IEX,302.865000,100
2019-10-30 13:48:00.81494016,2019-10-30 13:48:00.81474486,1139729,T,IEX,302.855000,100
2019-10-30 13:48:00.152688896,2019-10-30 13:48:00.152668106,1139777,T,IEX,302.855000,221
2019-10-30 13:48:01.400552960,2019-10-30 13:48:01.400534672,1140654,T,IEX,302.855000,100
2019-10-30 13:48:02.8064000,2019-10-30 13:48:02.8042674,1141073,T,IEX,302.850000,50
2019-10-30 13:48:02.199031040,2019-10-30 13:48:02.199013587,1141333,T,IEX,302.855000,200
2019-10-30 13:48:03.81816064,2019-10-30 13:48:03.81797244,1141973,T,IEX,302.855000,300
2019-10-30 13:48:05.175752960,2019-10-30 13:48:05.175732727,1145780,T,IEX,302.805000,202
2019-10-30 13:48:05.178032896,2019-10-30 13:48:05.178016130,1145785,T,IEX,302.805000,100
2019-10-30 13:48:08.465095936,2019-10-30 13:48:08.465077291,1148631,T,IEX,302.810000,100
2019-10-30 13:48:10.229660928,2019-10-30 13:48:10.229638648,1149748,T,IEX,302.805000,100
2019-10-30 13:48:11.279556096,2019-10-30 13:48:11.279538660,1150388,T,IEX,302.810000,100
2019-10-30 13:48:11.405616896,2019-10-30 13:48:11.405595341,1150559,T,IEX,302.800000,100
2019-10-30 13:48:11.787842048,2019-10-30 13:48:11.787823827,1150863,T,IEX,302.805000,100
2019-10-30 13:48:12.67724032,2019-10-30 13:48:12.67703317,1150972,T,IEX,302.800000,100
2019-10-30 13:48:12.67736064,2019-10-30 13:48:12.67718138,1150973,T,IEX,302.800000,200
2019-10-30 13:48:12.237925120,2019-10-30 13:48:12.237908376,1151187,T,IEX,302.810000,35
2019-10-30 13:48:12.496399104,2019-10-30 13:48:12.496381748,1151689,T,IEX,302.825000,100
2019-10-30 13:48:12.897319936,2019-10-30 13:48:12.897298642,1152033,T,IEX,302.820000,100
2019-10-30 13:48:14.82584064,2019-10-30 13:48:14.82566523,1153125,T,IEX,302.810000,400
2019-10-30 13:48:25.934050048,2019-10-30 13:48:25.934029279,1161076,T,IEX,302.835000,100
2019-10-30 13:48:25.937720064,2019-10-30 13:48:25.937699929,1161077,T,IEX,302.835000,402
2019-10-30 13:48:26.404372992,2019-10-30 13:48:26.404353097,1161444,T,IEX,302.845000,100
2019-10-30 13:48:26.405637888,2019-10-30 13:48:26.405616954,1161445,T,IEX,302.845000,100
2019-10-30 13:48:30.21643008,2019-10-30 13:48:30.21626244,1164028,T,IEX,302.835000,100
2019-10-30 13:48:30.22686976,2019-10-30 13:48:30.22671575,1164030,T,IEX,302.835000,100
2019-10-30 13:48:30.23937024,2019-10-30 13:48:30.23917346,1164031,T,IEX,302.835000,100
2019-10-30 13:48:30.941253120,2019-10-30 13:48:30.941232334,1164674,T,IEX,302.835000,201
2019-10-30 13:48:30.945373952,2019-10-30 13:48:30.945354875,1164676,T,IEX,302.835000,100
2019-10-30 13:48:31.37839872,2019-10-30 13:48:31.37818043,1164762,T,IEX,302.840000,17
2019-10-30 13:48:31.213152000,2019-10-30 13:48:31.213136817,1164919,T,IEX,302.835000,200
2019-10-30 13:48:32.182780928,2019-10-30 13:48:32.182759381,1165785,T,IEX,302.830000,100
2019-10-30 13:48:36.39411968,2019-10-30 13:48:36.39391979,1168487,T,IEX,302.835000,100
2019-10-30 13:48:36.42936064,2019-10-30 13:48:36.42918663,1168495,T,IEX,302.835000,100
2019-10-30 13:48:37.709910016,2019-10-30 13:48:37.709888512,1169738,T,IEX,302.845000,92
2019-10-30 13:48:38.865288960,2019-10-30 13:48:38.865260315,1171076,T,IEX,302.870000,100
2019-10-30 13:48:38.865297920,2019-10-30 13:48:38.865275851,1171078,T,IEX,302.870000,100
2019-10-30 13:48:46.589636096,2019-10-30 13:48:46.589614095,1178341,T,IEX,302.885000,200
2019-10-30 13:48:46.591708928,2019-10-30 13:48:46.591691493,1178343,T,IEX,302.885000,235
2019-10-30 13:48:55.143736064,2019-10-30 13:48:55.143715471,1186128,T,IEX,302.930000,100
2019-10-30 13:48:56.83209984,2019-10-30 13:48:56.83188523,1186596,T,IEX,302.925000,200
2019-10-30 13:48:58.760502016,2019-10-30 13:48:58.760484289,1188231,T,IEX,302.925000,100
2019-10-30 13:49:00.451254016,2019-10-30 13:49:00.451237959,1189597,T,IEX,302.925000,200
2019-10-30 13:49:01.370941952,2019-10-30 13:49:01.370921373,1190289,T,IEX,302.920000,100
2019-10-30 13:49:02.56043008,2019-10-30 13:49:02.56025599,1190669,T,IEX,302.920000,100
2019-10-30 13:49:06.68879872,2019-10-30 13:49:06.68861429,1193648,T,IEX,302.920000,100
2019-10-30 13:49:06.341944064,2019-10-30 13:49:06.341926404,1193980,T,IEX,302.925000,120
2019-10-30 13:49:07.996826112,2019-10-30 13:49:07.996805246,1195081,T,IEX,302.925000,40
2019-10-30 13:49:09.789475072,2019-10-30 13:49:09.789456179,1196219,T,IEX,302.910000,300
2019-10-30 13:49:10.144587008,2019-10-30 13:49:10.144572801,1196731,T,IEX,302.900000,100
2019-10-30 13:49:12.9580032,2019-10-30 13:49:12.9560623,1198036,T,IEX,302.915000,100
2019-10-30 13:49:12.10012928,2019-10-30 13:49:12.9990091,1198057,T,IEX,302.915000,100
2019-10-30 13:49:17.68231936,2019-10-30 13:49:17.68210282,1201359,T,IEX,302.920000,100
2019-10-30 13:49:18.537307904,2019-10-30 13:49:18.537287970,1202225,T,IEX,302.920000,170
2019-10-30 13:49:18.538145024,2019-10-30 13:49:18.538126514,1202227,T,IEX,302.920000,100
2019-10-30 13:49:18.553670912,2019-10-30 13:49:18.553649737,1202239,T,IEX,302.920000,130
2019-10-30 13:49:38.821007872,2019-10-30 13:49:38.820987372,1215238,T,IEX,302.965000,100
2019-10-30 13:49:42.463377920,2019-10-30 13:49:42.463359237,1218668,T,IEX,302.950000,100
2019-10-30 13:49:44.703419904,2019-10-30 13:49:44.703401888,1220056,T,IEX,302.940000,100
2019-10-30 13:49:45.98490880,2019-10-30 13:49:45.98469600,1220312,T,IEX,302.950000,100
2019-10-30 13:50:04.243144960,2019-10-30 13:50:04.243127239,1233797,T,IEX,302.915000,34
2019-10-30 13:50:07.365374976,2019-10-30 13:50:07.365357586,1236349,T,IEX,302.930000,200
2019-10-30 13:50:09.94769920,2019-10-30 13:50:09.94749872,1238054,T,IEX,302.945000,38
2019-10-30 13:50:09.364491008,2019-10-30 13:50:09.364474782,1238258,T,IEX,302.950000,100
2019-10-30 13:50:19.613009920,2019-10-30 13:50:19.612988018,1247118,T,IEX,302.960000,163
2019-10-30 13:50:19.613086976,2019-10-30 13:50:19.613069562,1247121,T,IEX,302.960000,37
2019-10-30 13:50:20.908901120,2019-10-30 13:50:20.908877939,1247996,T,IEX,302.970000,2
2019-10-30 13:50:21.977958912,2019-10-30 13:50:21.977938101,1248827,T,IEX,302.955000,400
2019-10-30 13:50:21.978968064,2019-10-30 13:50:21.978947453,1248828,T,IEX,302.955000,400
2019-10-30 13:50:22.812567040,2019-10-30 13:50:22.812550848,1249415,T,IEX,302.955000,100
2019-10-30 13:50:40.907849984,2019-10-30 13:50:40.907832619,1261771,T,IEX,302.970000,1
2019-10-30 13:50:50.125694976,2019-10-30 13:50:50.125677905,1269152,T,IEX,302.945000,200
2019-10-30 13:50:54.716410880,2019-10-30 13:50:54.716393588,1272949,T,IEX,302.935000,600
2019-10-30 13:51:03.797619968,2019-10-30 13:51:03.797600448,1281829,T,IEX,302.915000,200
2019-10-30 13:51:13.357532928,2019-10-30 13:51:13.357517278,1292813,T,IEX,302.860000,1
2019-10-30 13:51:16.390710016,2019-10-30 13:51:16.390694387,1294880,T,IEX,302.850000,8
2019-10-30 13:51:20.896068096,2019-10-30 13:51:20.896050536,1299616,T,IEX,302.855000,100
2019-10-30 13:51:20.897097984,2019-10-30 13:51:20.897078698,1299617,T,IEX,302.855000,500
2019-10-30 13:51:24.582308096,2019-10-30 13:51:24.582289287,1302943,T,IEX,302.855000,100
2019-10-30 13:51:24.583450112,2019-10-30 13:51:24.583430634,1302944,T,IEX,302.855000,100
2019-10-30 13:51:31.550755072,2019-10-30 13:51:31.550734855,1308475,T,IEX,302.860000,100
2019-10-30 13:51:31.552793088,2019-10-30 13:51:31.552773979,1308479,T,IEX,302.860000,400
2019-10-30 13:51:31.552806912,2019-10-30 13:51:31.552790395,1308480,T,IEX,302.860000,500
2019-10-30 13:51:48.517392896,2019-10-30 13:51:48.517372049,1320376,T,IEX,302.900000,500
2019-10-30 13:51:51.182980096,2019-10-30 13:51:51.182959968,1322269,T,IEX,302.900000,61
2019-10-30 13:51:59.353713920,2019-10-30 13:51:59.353695139,1327873,T,IEX,302.900000,100
2019-10-30 13:52:00.689146880,2019-10-30 13:52:00.689127135,1329392,T,IEX,302.890000,10
2019-10-30 13:52:00.689993984,2019-10-30 13:52:00.689972825,1329395,T,IEX,302.890000,590
2019-10-30 13:52:04.404250112,2019-10-30 13:52:04.404234558,1334768,T,IEX,302.890000,100
2019-10-30 13:52:15.252185088,2019-10-30 13:52:15.252165057,1344011,T,IEX,302.900000,100
2019-10-30 13:52:15.252254976,2019-10-30 13:52:15.252237418,1344013,T,IEX,302.900000,171
2019-10-30 13:52:15.268498944,2019-10-30 13:52:15.268477445,1344059,T,IEX,302.900000,129
2019-10-30 13:52:20.34800896,2019-10-30 13:52:20.34780561,1346627,T,IEX,302.900000,18
2019-10-30 13:52:24.697082880,2019-10-30 13:52:24.697065746,1350056,T,IEX,302.905000,100
2019-10-30 13:52:24.697095936,2019-10-30 13:52:24.697078742,1350057,T,IEX,302.905000,100
2019-10-30 13:52:26.788989952,2019-10-30 13:52:26.788969339,1351619,T,IEX,302.910000,41
2019-10-30 13:52:39.379577088,2019-10-30 13:52:39.379558135,1360783,T,IEX,302.935000,100
2019-10-30 13:52:47.689051904,2019-10-30 13:52:47.689035346,1367426,T,IEX,302.940000,9
2019-10-30 13:52:47.695201024,2019-10-30 13:52:47.695183483,1367505,T,IEX,302.940000,10
2019-10-30 13:52:53.74939904,2019-10-30 13:52:53.74919538,1373349,T,IEX,302.930000,100
2019-10-30 13:52:53.94448128,2019-10-30 13:52:53.94429057,1374069,T,IEX,302.900000,100
2019-10-30 13:52:55.914162944,2019-10-30 13:52:55.914142215,1377479,T,IEX,302.890000,100
2019-10-30 13:53:10.85157888,2019-10-30 13:53:10.85138126,1389917,T,IEX,302.900000,100
2019-10-30 13:53:34.749985024,2019-10-30 13:53:34.749966114,1408588,T,IEX,302.890000,100
2019-10-30 13:53:41.280307968,2019-10-30 13:53:41.280292085,1413485,T,IEX,302.900000,100
2019-10-30 13:54:08.313647104,2019-10-30 13:54:08.313629956,1435664,T,IEX,302.870000,55
2019-10-30 13:54:20.53901056,2019-10-30 13:54:20.53882973,1443904,T,IEX,302.890000,23
2019-10-30 13:54:21.219838976,2019-10-30 13:54:21.219821474,1444923,T,IEX,302.890000,100
2019-10-30 13:54:21.219855872,2019-10-30 13:54:21.219839344,1444924,T,IEX,302.890000,100
2019-10-30 13:54:34.292070912,2019-10-30 13:54:34.292048630,1453315,T,IEX,302.895000,100
2019-10-30 13:54:34.296825088,2019-10-30 13:54:34.296806004,1453318,T,IEX,302.900000,100
2019-10-30 13:54:36.726142976,2019-10-30 13:54:36.726122540,1455061,T,IEX,302.890000,9
2019-10-30 13:54:37.744630016,2019-10-30 13:54:37.744609202,1456094,T,IEX,302.890000,91
2019-10-30 13:55:09.64241920,2019-10-30 13:55:09.64225291,1480526,T,IEX,302.860000,35
2019-10-30 13:55:23.568417024,2019-10-30 13:55:23.568399065,1491097,T,IEX,302.860000,100
2019-10-30 13:55:39.278244096,2019-10-30 13:55:39.278224426,1502675,T,IEX,302.860000,48
2019-10-30 13:55:39.278444032,2019-10-30 13:55:39.278426468,1502678,T,IEX,302.860000,100
2019-10-30 13:55:43.14804992,2019-10-30 13:55:43.14784122,1505167,T,IEX,302.840000,100
2019-10-30 13:56:27.280694016,2019-10-30 13:56:27.280676649,1537985,T,IEX,302.890000,299
2019-10-30 13:56:45.177548032,2019-10-30 13:56:45.177528788,1549442,T,IEX,302.850000,100
2019-10-30 13:56:48.62397952,2019-10-30 13:56:48.62377891,1552072,T,IEX,302.845000,100
2019-10-30 13:56:51.163083008,2019-10-30 13:56:51.163065075,1554606,T,IEX,302.845000,200
2019-10-30 13:56:51.164086016,2019-10-30 13:56:51.164063949,1554607,T,IEX,302.845000,114
2019-10-30 13:56:54.565513984,2019-10-30 13:56:54.565496159,1557524,T,IEX,302.845000,100
2019-10-30 13:57:16.937264896,2019-10-30 13:57:16.937244987,1576547,T,IEX,302.840000,100
2019-10-30 13:57:18.541638912,2019-10-30 13:57:18.541623342,1578037,T,IEX,302.835000,500
2019-10-30 13:57:19.728560128,2019-10-30 13:57:19.728542208,1578914,T,IEX,302.820000,100
2019-10-30 13:57:34.816292096,2019-10-30 13:57:34.816270436,1589246,T,IEX,302.825000,500
2019-10-30 13:57:34.851823104,2019-10-30 13:57:34.851801939,1589269,T,IEX,302.825000,100
2019-10-30 13:57:43.38222080,2019-10-30 13:57:43.38205921,1594548,T,IEX,302.850000,3
2019-10-30 13:57:43.471478016,2019-10-30 13:57:43.471456135,1594753,T,IEX,302.845000,100
2019-10-30 13:57:54.363618048,2019-10-30 13:57:54.363600468,1601248,T,IEX,302.845000,100
2019-10-30 13:57:57.861377024,2019-10-30 13:57:57.861361259,1603894,T,IEX,302.865000,100
2019-10-30 13:57:57.873332992,2019-10-30 13:57:57.873317612,1603950,T,IEX,302.870000,100
2019-10-30 13:58:01.16587008,2019-10-30 13:58:01.16565251,1606205,T,IEX,302.855000,1700
2019-10-30 13:58:01.119030016,2019-10-30 13:58:01.119009833,1606422,T,IEX,302.840000,100
2019-10-30 13:58:01.211502080,2019-10-30 13:58:01.211480984,1606555,T,IEX,302.845000,100
2019-10-30 13:58:02.878853120,2019-10-30 13:58:02.878833004,1608070,T,IEX,302.845000,100
2019-10-30 13:58:03.518899968,2019-10-30 13:58:03.518880321,1608658,T,IEX,302.850000,100
2019-10-30 13:58:06.125748992,2019-10-30 13:58:06.125730919,1611316,T,IEX,302.875000,100
2019-10-30 13:58:06.128030976,2019-10-30 13:58:06.128012819,1611327,T,IEX,302.870000,100
2019-10-30 13:58:16.80026880,2019-10-30 13:58:16.80007776,1618501,T,IEX,302.885000,100
2019-10-30 13:58:17.473992960,2019-10-30 13:58:17.473971767,1619327,T,IEX,302.880000,200
2019-10-30 13:58:20.404455936,2019-10-30 13:58:20.404438706,1621453,T,IEX,302.900000,100
2019-10-30 13:58:20.893778944,2019-10-30 13:58:20.893760694,1621858,T,IEX,302.890000,100
2019-10-30 13:58:21.266824960,2019-10-30 13:58:21.266806122,1622006,T,IEX,302.890000,1
2019-10-30 13:58:22.474895104,2019-10-30 13:58:22.474871438,1622781,T,IEX,302.900000,200
2019-10-30 13:58:28.800026880,2019-10-30 13:58:28.800007489,1626573,T,IEX,302.895000,100
2019-10-30 13:58:39.627314944,2019-10-30 13:58:39.627294467,1632782,T,IEX,302.895000,100
2019-10-30 13:58:39.693168128,2019-10-30 13:58:39.693146235,1632836,T,IEX,302.890000,100
2019-10-30 13:58:40.531336960,2019-10-30 13:58:40.531315801,1633171,T,IEX,302.890000,1
2019-10-30 13:58:45.289964032,2019-10-30 13:58:45.289943217,1635885,T,IEX,302.905000,100
2019-10-30 13:58:45.289980928,2019-10-30 13:58:45.289963601,1635886,T,IEX,302.905000,200
2019-10-30 13:58:45.291110912,2019-10-30 13:58:45.291092021,1635887,T,IEX,302.905000,200
2019-10-30 13:58:45.295536896,2019-10-30 13:58:45.295519498,1635890,T,IEX,302.910000,28
2019-10-30 13:58:50.521635072,2019-10-30 13:58:50.521614571,1640828,T,IEX,302.865000,100
2019-10-30 13:58:52.20673024,2019-10-30 13:58:52.20653122,1641965,T,IEX,302.865000,100
2019-10-30 13:58:52.21699072,2019-10-30 13:58:52.21677135,1641967,T,IEX,302.865000,200
2019-10-30 13:58:56.200397056,2019-10-30 13:58:56.200381825,1644917,T,IEX,302.870000,100
2019-10-30 13:59:05.804206080,2019-10-30 13:59:05.804184309,1651684,T,IEX,302.875000,100
2019-10-30 13:59:15.161423104,2019-10-30 13:59:15.161405028,1659962,T,IEX,302.865000,100
2019-10-30 13:59:15.371522048,2019-10-30 13:59:15.371503297,1660238,T,IEX,302.875000,100
2019-10-30 13:59:19.113088000,2019-10-30 13:59:19.113066374,1662564,T,IEX,302.880000,24
2019-10-30 13:59:25.460080896,2019-10-30 13:59:25.460062269,1667472,T,IEX,302.875000,100
2019-10-30 13:59:27.97422080,2019-10-30 13:59:27.97403851,1668417,T,IEX,302.870000,6
2019-10-30 13:59:27.98281984,2019-10-30 13:59:27.98265428,1668419,T,IEX,302.870000,2
2019-10-30 13:59:27.102063104,2019-10-30 13:59:27.102044192,1668426,T,IEX,302.870000,19
2019-10-30 13:59:27.427853056,2019-10-30 13:59:27.427833860,1668617,T,IEX,302.870000,4
2019-10-30 13:59:29.46178048,2019-10-30 13:59:29.46159326,1669464,T,IEX,302.875000,100
2019-10-30 13:59:29.47351040,2019-10-30 13:59:29.47334228,1669471,T,IEX,302.875000,100
2019-10-30 13:59:30.961387008,2019-10-30 13:59:30.961366068,1670816,T,IEX,302.875000,100
2019-10-30 13:59:41.389038080,2019-10-30 13:59:41.389016612,1677739,T,IEX,302.865000,100
2019-10-30 13:59:41.389052928,2019-10-30 13:59:41.389036525,1677740,T,IEX,302.865000,10
2019-10-30 13:59:41.389073920,2019-10-30 13:59:41.389056480,1677741,T,IEX,302.865000,500
2019-10-30 13:59:49.748100096,2019-10-30 13:59:49.748079584,1682850,T,IEX,302.850000,6
2019-10-30 13:59:56.401135104,2019-10-30 13:59:56.401117196,1686157,T,IEX,302.875000,100
2019-10-30 14:00:02.978855936,2019-10-30 14:00:02.978837745,1690531,T,IEX,302.855000,100
2019-10-30 14:00:05.278205952,2019-10-30 14:00:05.278188561,1693556,T,IEX,302.845000,100
2019-10-30 14:00:07.437433088,2019-10-30 14:00:07.437416241,1696301,T,IEX,302.845000,100
2019-10-30 14:00:11.4453888,2019-10-30 14:00:11.4438855,1699559,T,IEX,302.840000,1
2019-10-30 14:00:12.731246080,2019-10-30 14:00:12.731222760,1702223,T,IEX,302.825000,31
2019-10-30 14:00:21.402507008,2019-10-30 14:00:21.402487693,1710244,T,IEX,302.835000,100
2019-10-30 14:00:25.749278976,2019-10-30 14:00:25.749258772,1715236,T,IEX,302.850000,100
2019-10-30 14:00:26.512709888,2019-10-30 14:00:26.512689122,1715764,T,IEX,302.855000,100
2019-10-30 14:00:27.724205056,2019-10-30 14:00:27.724188044,1716799,T,IEX,302.845000,100
2019-10-30 14:00:29.991205888,2019-10-30 14:00:29.991188951,1719077,T,IEX,302.845000,100
2019-10-30 14:00:29.991223040,2019-10-30 14:00:29.991207448,1719078,T,IEX,302.845000,300
2019-10-30 14:00:29.991235072,2019-10-30 14:00:29.991218126,1719079,T,IEX,302.845000,120
2019-10-30 14:00:29.991249920,2019-10-30 14:00:29.991232508,1719080,T,IEX,302.845000,1480
2019-10-30 14:00:30.206280960,2019-10-30 14:00:30.206259717,1719289,T,IEX,302.845000,100
2019-10-30 14:00:30.206290944,2019-10-30 14:00:30.206273610,1719290,T,IEX,302.845000,400
2019-10-30 14:00:30.866202112,2019-10-30 14:00:30.866184951,1719778,T,IEX,302.855000,100
2019-10-30 14:00:32.823698944,2019-10-30 14:00:32.823679059,1721885,T,IEX,302.845000,100
2019-10-30 14:00:37.296148992,2019-10-30 14:00:37.296131690,1726072,T,IEX,302.845000,94
2019-10-30 14:00:45.169957888,2019-10-30 14:00:45.169934843,1732707,T,IEX,302.845000,100
2019-10-30 14:00:45.169978880,2019-10-30 14:00:45.169959082,1732709,T,IEX,302.840000,18
2019-10-30 14:00:49.125310976,2019-10-30 14:00:49.125293170,1737237,T,IEX,302.805000,26
2019-10-30 14:00:49.125318912,2019-10-30 14:00:49.125303158,1737238,T,IEX,302.805000,57
2019-10-30 14:00:50.307397120,2019-10-30 14:00:50.307379839,1738575,T,IEX,302.795000,300
2019-10-30 14:00:50.307515904,2019-10-30 14:00:50.307496995,1738580,T,IEX,302.795000,300
2019-10-30 14:00:50.419819008,2019-10-30 14:00:50.419799472,1738833,T,IEX,302.800000,100
2019-10-30 14:00:50.419827968,2019-10-30 14:00:50.419810271,1738834,T,IEX,302.800000,100
2019-10-30 14:00:50.955075072,2019-10-30 14:00:50.955057864,1739805,T,IEX,302.785000,100
2019-10-30 14:00:50.955091968,2019-10-30 14:00:50.955075258,1739806,T,IEX,302.785000,100
2019-10-30 14:00:51.634152960,2019-10-30 14:00:51.634136831,1740745,T,IEX,302.785000,100
2019-10-30 14:00:52.291578112,2019-10-30 14:00:52.291560370,1741248,T,IEX,302.780000,100
2019-10-30 14:00:52.299312896,2019-10-30 14:00:52.299292197,1741251,T,IEX,302.780000,100
2019-10-30 14:00:52.654589952,2019-10-30 14:00:52.654570697,1741543,T,IEX,302.785000,200
2019-10-30 14:00:52.657415936,2019-10-30 14:00:52.657399475,1741546,T,IEX,302.785000,100
2019-10-30 14:00:53.824360960,2019-10-30 14:00:53.824342535,1744473,T,IEX,302.825000,100
2019-10-30 14:00:53.824504064,2019-10-30 14:00:53.824486954,1744474,T,IEX,302.820000,100
2019-10-30 14:01:08.64752896,2019-10-30 14:01:08.64734559,1756504,T,IEX,302.860000,14
2019-10-30 14:01:13.917419008,2019-10-30 14:01:13.917399377,1761612,T,IEX,302.855000,100
2019-10-30 14:01:18.48601088,2019-10-30 14:01:18.48578547,1764734,T,IEX,302.855000,100
2019-10-30 14:01:20.797372928,2019-10-30 14:01:20.797354978,1767472,T,IEX,302.855000,100
2019-10-30 14:01:23.174016000,2019-10-30 14:01:23.173996225,1771939,T,IEX,302.820000,100
2019-10-30 14:01:23.174810880,2019-10-30 14:01:23.174790499,1771941,T,IEX,302.815000,100
2019-10-30 14:01:23.191375872,2019-10-30 14:01:23.191354165,1771974,T,IEX,302.800000,25
2019-10-30 14:01:26.354505984,2019-10-30 14:01:26.354484324,1775032,T,IEX,302.820000,100
2019-10-30 14:01:41.773680896,2019-10-30 14:01:41.773661813,1787465,T,IEX,302.790000,100
2019-10-30 14:01:46.407191040,2019-10-30 14:01:46.407172595,1790786,T,IEX,302.795000,100
2019-10-30 14:01:51.606662912,2019-10-30 14:01:51.606643827,1795295,T,IEX,302.790000,100
2019-10-30 14:01:55.198268928,2019-10-30 14:01:55.198249152,1798739,T,IEX,302.785000,100
2019-10-30 14:02:02.439344128,2019-10-30 14:02:02.439328407,1806042,T,IEX,302.790000,100
2019-10-30 14:02:05.206223872,2019-10-30 14:02:05.206208344,1809412,T,IEX,302.790000,95
2019-10-30 14:02:16.173676032,2019-10-30 14:02:16.173654204,1818617,T,IEX,302.810000,100
2019-10-30 14:02:17.765209088,2019-10-30 14:02:17.765188367,1819891,T,IEX,302.805000,900
2019-10-30 14:02:17.862852096,2019-10-30 14:02:17.862833605,1820018,T,IEX,302.805000,300
2019-10-30 14:02:17.912815104,2019-10-30 14:02:17.912793958,1820046,T,IEX,302.805000,300
2019-10-30 14:02:18.301843968,2019-10-30 14:02:18.301823581,1820253,T,IEX,302.805000,300
2019-10-30 14:02:18.363096064,2019-10-30 14:02:18.363076631,1820294,T,IEX,302.800000,300
2019-10-30 14:02:18.411474944,2019-10-30 14:02:18.411453235,1820327,T,IEX,302.800000,300
2019-10-30 14:02:20.9607936,2019-10-30 14:02:20.9588134,1821622,T,IEX,302.790000,153
2019-10-30 14:02:20.9627904,2019-10-30 14:02:20.9607718,1821624,T,IEX,302.790000,100
2019-10-30 14:02:20.9655040,2019-10-30 14:02:20.9634486,1821626,T,IEX,302.790000,200
2019-10-30 14:02:23.13735936,2019-10-30 14:02:23.13713921,1824191,T,IEX,302.785000,300
2019-10-30 14:02:23.65262080,2019-10-30 14:02:23.65245329,1824229,T,IEX,302.785000,100
2019-10-30 14:02:24.73484032,2019-10-30 14:02:24.73457947,1824899,T,IEX,302.790000,100
2019-10-30 14:02:24.74979072,2019-10-30 14:02:24.74958826,1824900,T,IEX,302.790000,100
2019-10-30 14:02:25.282123008,2019-10-30 14:02:25.282101589,1826017,T,IEX,302.785000,500
2019-10-30 14:02:25.853609984,2019-10-30 14:02:25.853587709,1826449,T,IEX,302.790000,100
2019-10-30 14:02:33.41620992,2019-10-30 14:02:33.41601841,1831707,T,IEX,302.785000,200
2019-10-30 14:02:33.63695104,2019-10-30 14:02:33.63673353,1831721,T,IEX,302.785000,300
2019-10-30 14:02:33.73776896,2019-10-30 14:02:33.73759072,1831727,T,IEX,302.785000,100
2019-10-30 14:02:38.579476992,2019-10-30 14:02:38.579451657,1835530,T,IEX,302.785000,100
2019-10-30 14:02:41.172058880,2019-10-30 14:02:41.172040140,1837549,T,IEX,302.765000,1
2019-10-30 14:02:41.172071936,2019-10-30 14:02:41.172055029,1837550,T,IEX,302.765000,10
2019-10-30 14:02:42.480315904,2019-10-30 14:02:42.480295535,1838629,T,IEX,302.765000,100
2019-10-30 14:02:46.543781888,2019-10-30 14:02:46.543760350,1841817,T,IEX,302.780000,100
2019-10-30 14:02:46.543792896,2019-10-30 14:02:46.543774009,1841818,T,IEX,302.780000,100
2019-10-30 14:02:46.543808000,2019-10-30 14:02:46.543791052,1841819,T,IEX,302.780000,100
2019-10-30 14:02:58.690446080,2019-10-30 14:02:58.690428779,1851008,T,IEX,302.785000,100
2019-10-30 14:02:58.885664000,2019-10-30 14:02:58.885646199,1851146,T,IEX,302.785000,100
2019-10-30 14:03:01.332787968,2019-10-30 14:03:01.332768564,1852568,T,IEX,302.785000,100
2019-10-30 14:03:03.152610048,2019-10-30 14:03:03.152589743,1853895,T,IEX,302.785000,100
2019-10-30 14:03:03.921123072,2019-10-30 14:03:03.921105987,1854401,T,IEX,302.775000,100
2019-10-30 14:03:04.240527104,2019-10-30 14:03:04.240510855,1854671,T,IEX,302.775000,100
2019-10-30 14:03:11.409596928,2019-10-30 14:03:11.409579635,1859683,T,IEX,302.775000,100
2019-10-30 14:03:11.956568064,2019-10-30 14:03:11.956547728,1860015,T,IEX,302.775000,100
2019-10-30 14:03:29.285672960,2019-10-30 14:03:29.285652824,1872829,T,IEX,302.820000,2
2019-10-30 14:03:31.414781952,2019-10-30 14:03:31.414762242,1874442,T,IEX,302.795000,100
2019-10-30 14:03:35.124169984,2019-10-30 14:03:35.124153065,1877736,T,IEX,302.805000,200
2019-10-30 14:03:35.128781056,2019-10-30 14:03:35.128760586,1877745,T,IEX,302.810000,100
2019-10-30 14:03:40.263927040,2019-10-30 14:03:40.263905033,1881698,T,IEX,302.795000,100
2019-10-30 14:03:44.6407936,2019-10-30 14:03:44.6386115,1883584,T,IEX,302.795000,100
2019-10-30 14:03:52.105369088,2019-10-30 14:03:52.105350933,1889421,T,IEX,302.810000,100
2019-10-30 14:03:53.101475072,2019-10-30 14:03:53.101452155,1890545,T,IEX,302.790000,500
2019-10-30 14:03:53.102354944,2019-10-30 14:03:53.102335655,1890577,T,IEX,302.790000,500
2019-10-30 14:03:53.102544896,2019-10-30 14:03:53.102517239,1890593,T,IEX,302.790000,100
2019-10-30 14:03:53.102824960,2019-10-30 14:03:53.102805593,1890601,T,IEX,302.790000,300
2019-10-30 14:03:53.102836992,2019-10-30 14:03:53.102817985,1890602,T,IEX,302.790000,100
2019-10-30 14:03:53.104434944,2019-10-30 14:03:53.104415086,1890647,T,IEX,302.760000,100
2019-10-30 14:03:53.115944960,2019-10-30 14:03:53.115919881,1891155,T,IEX,302.700000,100
2019-10-30 14:03:53.120203008,2019-10-30 14:03:53.120180519,1891351,T,IEX,302.760000,1400
2019-10-30 14:03:53.135911936,2019-10-30 14:03:53.135891978,1892019,T,IEX,302.600000,100
2019-10-30 14:03:53.138539008,2019-10-30 14:03:53.138515439,1892122,T,IEX,302.740000,500
2019-10-30 14:03:53.138881024,2019-10-30 14:03:53.138861001,1892137,T,IEX,302.740000,500
2019-10-30 14:03:53.140024064,2019-10-30 14:03:53.140004328,1892184,T,IEX,302.740000,1900
2019-10-30 14:03:53.142055936,2019-10-30 14:03:53.142037160,1892268,T,IEX,302.520000,200
2019-10-30 14:03:53.142085888,2019-10-30 14:03:53.142058210,1892270,T,IEX,302.490000,200
2019-10-30 14:03:53.142177024,2019-10-30 14:03:53.142159312,1892275,T,IEX,302.480000,200
2019-10-30 14:03:53.145699072,2019-10-30 14:03:53.145680140,1892420,T,IEX,302.610000,500
2019-10-30 14:03:53.179812096,2019-10-30 14:03:53.179791529,1893742,T,IEX,302.650000,100
2019-10-30 14:03:53.182632960,2019-10-30 14:03:53.182613299,1893831,T,IEX,302.650000,500
2019-10-30 14:03:53.196581120,2019-10-30 14:03:53.196562398,1894303,T,IEX,302.650000,100
2019-10-30 14:03:53.198480896,2019-10-30 14:03:53.198455796,1894369,T,IEX,302.650000,100
2019-10-30 14:03:53.199823104,2019-10-30 14:03:53.199803179,1894412,T,IEX,302.650000,200
2019-10-30 14:03:53.200776960,2019-10-30 14:03:53.200754417,1894440,T,IEX,302.650000,100
2019-10-30 14:03:53.202812928,2019-10-30 14:03:53.202780648,1894493,T,IEX,302.590000,100
2019-10-30 14:03:53.270597888,2019-10-30 14:03:53.270579520,1897034,T,IEX,302.410000,500
2019-10-30 14:03:53.271614976,2019-10-30 14:03:53.271597031,1897071,T,IEX,302.400000,500
2019-10-30 14:03:53.274140928,2019-10-30 14:03:53.274122468,1897152,T,IEX,302.400000,100
2019-10-30 14:03:53.274336000,2019-10-30 14:03:53.274316825,1897155,T,IEX,302.400000,100
2019-10-30 14:03:53.278232064,2019-10-30 14:03:53.278212871,1897307,T,IEX,302.390000,300
2019-10-30 14:03:53.292252928,2019-10-30 14:03:53.292232843,1897770,T,IEX,302.390000,100
2019-10-30 14:03:53.300797952,2019-10-30 14:03:53.300765671,1898041,T,IEX,302.380000,100
2019-10-30 14:03:53.312613120,2019-10-30 14:03:53.312585002,1898453,T,IEX,302.390000,200
2019-10-30 14:03:53.464325120,2019-10-30 14:03:53.464289570,1903378,T,IEX,302.300000,100
2019-10-30 14:03:53.474277888,2019-10-30 14:03:53.474252726,1903597,T,IEX,302.290000,100
2019-10-30 14:03:53.474289920,2019-10-30 14:03:53.474271124,1903598,T,IEX,302.280000,1500
2019-10-30 14:03:53.760935936,2019-10-30 14:03:53.760913213,1909568,T,IEX,302.430000,200
2019-10-30 14:03:54.234590976,2019-10-30 14:03:54.234571702,1916464,T,IEX,302.460000,100
2019-10-30 14:03:54.380756992,2019-10-30 14:03:54.380736528,1918075,T,IEX,302.440000,100
2019-10-30 14:03:54.409219072,2019-10-30 14:03:54.409200975,1918361,T,IEX,302.480000,100
2019-10-30 14:03:55.61121024,2019-10-30 14:03:55.61101372,1923672,T,IEX,302.430000,100
2019-10-30 14:03:55.537844992,2019-10-30 14:03:55.537826676,1928825,T,IEX,302.325000,100
2019-10-30 14:03:55.906660096,2019-10-30 14:03:55.906642178,1931073,T,IEX,302.310000,300
2019-10-30 14:03:55.908116992,2019-10-30 14:03:55.908098312,1931077,T,IEX,302.310000,600
2019-10-30 14:03:55.909475072,2019-10-30 14:03:55.909452847,1931084,T,IEX,302.310000,300
2019-10-30 14:03:56.67662080,2019-10-30 14:03:56.67643092,1932033,T,IEX,302.320000,200
2019-10-30 14:03:56.68855040,2019-10-30 14:03:56.68833644,1932096,T,IEX,302.320000,100
2019-10-30 14:03:56.72515072,2019-10-30 14:03:56.72497058,1932195,T,IEX,302.320000,100
2019-10-30 14:03:56.79858944,2019-10-30 14:03:56.79839739,1932406,T,IEX,302.350000,43
2019-10-30 14:03:57.470148096,2019-10-30 14:03:57.470131149,1941673,T,IEX,302.260000,100
2019-10-30 14:03:57.470168064,2019-10-30 14:03:57.470151918,1941674,T,IEX,302.260000,800
2019-10-30 14:03:57.470185984,2019-10-30 14:03:57.470167245,1941675,T,IEX,302.260000,1000
2019-10-30 14:03:57.796681984,2019-10-30 14:03:57.796663911,1943319,T,IEX,302.270000,2
2019-10-30 14:03:58.514419968,2019-10-30 14:03:58.514404211,1947665,T,IEX,302.250000,7
2019-10-30 14:03:58.681796096,2019-10-30 14:03:58.681778229,1948739,T,IEX,302.280000,100
2019-10-30 14:03:59.114170112,2019-10-30 14:03:59.114150389,1950551,T,IEX,302.260000,100
2019-10-30 14:03:59.362176000,2019-10-30 14:03:59.362159135,1951585,T,IEX,302.270000,100
2019-10-30 14:03:59.381144064,2019-10-30 14:03:59.381123315,1951646,T,IEX,302.280000,500
2019-10-30 14:03:59.432427008,2019-10-30 14:03:59.432410335,1951882,T,IEX,302.310000,200
2019-10-30 14:03:59.432445952,2019-10-30 14:03:59.432427694,1951883,T,IEX,302.310000,600
2019-10-30 14:03:59.461288960,2019-10-30 14:03:59.461272239,1952169,T,IEX,302.310000,462
2019-10-30 14:03:59.481224960,2019-10-30 14:03:59.481207218,1952255,T,IEX,302.310000,500
2019-10-30 14:03:59.489316096,2019-10-30 14:03:59.489298967,1952282,T,IEX,302.320000,100
2019-10-30 14:03:59.502958080,2019-10-30 14:03:59.502939671,1952373,T,IEX,302.330000,100
2019-10-30 14:03:59.585544960,2019-10-30 14:03:59.585523728,1953099,T,IEX,302.340000,100
2019-10-30 14:04:00.20997888,2019-10-30 14:04:00.20981026,1956201,T,IEX,302.330000,100
2019-10-30 14:04:00.132272896,2019-10-30 14:04:00.132256972,1956741,T,IEX,302.350000,500
2019-10-30 14:04:00.296734976,2019-10-30 14:04:00.296716413,1957662,T,IEX,302.360000,100
2019-10-30 14:04:00.363151104,2019-10-30 14:04:00.363131813,1958134,T,IEX,302.370000,100
2019-10-30 14:04:00.654407936,2019-10-30 14:04:00.654390518,1959503,T,IEX,302.380000,100
2019-10-30 14:04:00.654430976,2019-10-30 14:04:00.654411809,1959505,T,IEX,302.370000,100
2019-10-30 14:04:00.675176960,2019-10-30 14:04:00.675158921,1959890,T,IEX,302.370000,60
2019-10-30 14:04:00.677388032,2019-10-30 14:04:00.677370137,1959908,T,IEX,302.360000,100
2019-10-30 14:04:00.678290944,2019-10-30 14:04:00.678270225,1959930,T,IEX,302.370000,100
2019-10-30 14:04:00.681345024,2019-10-30 14:04:00.681327390,1959967,T,IEX,302.370000,100
2019-10-30 14:04:00.683718912,2019-10-30 14:04:00.683694284,1959985,T,IEX,302.360000,100
2019-10-30 14:04:01.69466880,2019-10-30 14:04:01.69447145,1961309,T,IEX,302.370000,100
2019-10-30 14:04:01.357754880,2019-10-30 14:04:01.357737305,1963380,T,IEX,302.350000,100
2019-10-30 14:04:01.715808000,2019-10-30 14:04:01.715790032,1967022,T,IEX,302.210000,100
2019-10-30 14:04:01.731540992,2019-10-30 14:04:01.731523040,1967112,T,IEX,302.200000,100
2019-10-30 14:04:02.431410944,2019-10-30 14:04:02.431387631,1970184,T,IEX,302.200000,100
2019-10-30 14:04:02.457607936,2019-10-30 14:04:02.457582154,1970285,T,IEX,302.220000,18
2019-10-30 14:04:02.932751104,2019-10-30 14:04:02.932733087,1972534,T,IEX,302.230000,100
2019-10-30 14:04:03.329358080,2019-10-30 14:04:03.329337494,1974175,T,IEX,302.220000,38
2019-10-30 14:04:03.349432064,2019-10-30 14:04:03.349415574,1974620,T,IEX,302.190000,2
2019-10-30 14:04:03.622159872,2019-10-30 14:04:03.622142301,1976269,T,IEX,302.160000,500
2019-10-30 14:04:04.191546880,2019-10-30 14:04:04.191526736,1982569,T,IEX,302.080000,12
2019-10-30 14:04:04.191621120,2019-10-30 14:04:04.191601800,1982573,T,IEX,302.080000,71
2019-10-30 14:04:05.210895872,2019-10-30 14:04:05.210877775,1987607,T,IEX,302.065000,100
2019-10-30 14:04:05.476409088,2019-10-30 14:04:05.476393227,1989972,T,IEX,302.010000,200
2019-10-30 14:04:05.498276096,2019-10-30 14:04:05.498260116,1990084,T,IEX,302.015000,139
2019-10-30 14:04:05.588160000,2019-10-30 14:04:05.588143804,1990593,T,IEX,302.030000,1
2019-10-30 14:04:05.642437888,2019-10-30 14:04:05.642422240,1990817,T,IEX,302.030000,15
2019-10-30 14:04:05.652697088,2019-10-30 14:04:05.652680369,1990844,T,IEX,302.025000,6
2019-10-30 14:04:05.671049984,2019-10-30 14:04:05.671032537,1990923,T,IEX,302.025000,1
2019-10-30 14:04:05.683313920,2019-10-30 14:04:05.683292926,1990963,T,IEX,302.020000,1
2019-10-30 14:04:06.127479040,2019-10-30 14:04:06.127457955,1993225,T,IEX,302.060000,100
2019-10-30 14:04:06.622660096,2019-10-30 14:04:06.622637209,1995951,T,IEX,302.040000,3
2019-10-30 14:04:07.79993088,2019-10-30 14:04:07.79976396,1998029,T,IEX,302.030000,100
2019-10-30 14:04:07.128592896,2019-10-30 14:04:07.128574870,1998321,T,IEX,302.030000,100
2019-10-30 14:04:07.155958016,2019-10-30 14:04:07.155938871,1998547,T,IEX,302.020000,25
2019-10-30 14:04:07.254558976,2019-10-30 14:04:07.254541971,1998996,T,IEX,302.000000,100
2019-10-30 14:04:07.283130880,2019-10-30 14:04:07.283109408,1999191,T,IEX,301.990000,35
2019-10-30 14:04:07.382872064,2019-10-30 14:04:07.382853328,1999601,T,IEX,302.000000,51
2019-10-30 14:04:07.816194048,2019-10-30 14:04:07.816173474,2001675,T,IEX,302.010000,100
2019-10-30 14:04:07.914778880,2019-10-30 14:04:07.914761683,2002067,T,IEX,302.025000,121
2019-10-30 14:04:07.935227904,2019-10-30 14:04:07.935211834,2002149,T,IEX,302.030000,100
2019-10-30 14:04:07.941187072,2019-10-30 14:04:07.941170220,2002169,T,IEX,302.030000,100
2019-10-30 14:04:07.943791104,2019-10-30 14:04:07.943772441,2002176,T,IEX,302.030000,9
2019-10-30 14:04:08.7827968,2019-10-30 14:04:08.7808202,2002547,T,IEX,302.010000,2
2019-10-30 14:04:08.143574016,2019-10-30 14:04:08.143555197,2003246,T,IEX,302.015000,5
2019-10-30 14:04:08.173565952,2019-10-30 14:04:08.173546318,2003353,T,IEX,302.010000,10
2019-10-30 14:04:08.257129984,2019-10-30 14:04:08.257109812,2003862,T,IEX,302.020000,1
2019-10-30 14:04:08.314501888,2019-10-30 14:04:08.314482759,2005797,T,IEX,302.110000,100
2019-10-30 14:04:08.314533120,2019-10-30 14:04:08.314514490,2005798,T,IEX,302.110000,100
2019-10-30 14:04:08.314563072,2019-10-30 14:04:08.314543605,2005799,T,IEX,302.110000,100
2019-10-30 14:04:08.314580992,2019-10-30 14:04:08.314562669,2005800,T,IEX,302.110000,84
2019-10-30 14:04:08.401432064,2019-10-30 14:04:08.401412880,2007170,T,IEX,302.130000,29
2019-10-30 14:04:08.401758976,2019-10-30 14:04:08.401738524,2007179,T,IEX,302.130000,9
2019-10-30 14:04:09.76690944,2019-10-30 14:04:09.76674473,2012347,T,IEX,302.140000,100
2019-10-30 14:04:09.113008128,2019-10-30 14:04:09.112991815,2012669,T,IEX,302.140000,73
2019-10-30 14:04:09.139394048,2019-10-30 14:04:09.139377086,2012768,T,IEX,302.130000,500
2019-10-30 14:04:09.139407872,2019-10-30 14:04:09.139390079,2012769,T,IEX,302.130000,100
2019-10-30 14:04:09.247467008,2019-10-30 14:04:09.247449761,2013273,T,IEX,302.120000,100
2019-10-30 14:04:09.440581120,2019-10-30 14:04:09.440562349,2014240,T,IEX,302.130000,138
2019-10-30 14:04:09.572413952,2019-10-30 14:04:09.572396862,2014684,T,IEX,302.150000,100
2019-10-30 14:04:09.717238016,2019-10-30 14:04:09.717217401,2015370,T,IEX,302.150000,29
2019-10-30 14:04:09.854098944,2019-10-30 14:04:09.854079899,2017585,T,IEX,302.230000,100
2019-10-30 14:04:09.856310016,2019-10-30 14:04:09.856290941,2017677,T,IEX,302.230000,51
2019-10-30 14:04:09.992976896,2019-10-30 14:04:09.992959408,2018761,T,IEX,302.240000,54
2019-10-30 14:04:10.211725056,2019-10-30 14:04:10.211705958,2019668,T,IEX,302.240000,13
2019-10-30 14:04:10.218288896,2019-10-30 14:04:10.218271179,2019707,T,IEX,302.230000,100
2019-10-30 14:04:10.226680064,2019-10-30 14:04:10.226660833,2019739,T,IEX,302.250000,33
2019-10-30 14:04:10.234772992,2019-10-30 14:04:10.234755293,2020019,T,IEX,302.250000,100
2019-10-30 14:04:10.258372096,2019-10-30 14:04:10.258354805,2020214,T,IEX,302.270000,3
2019-10-30 14:04:10.296656896,2019-10-30 14:04:10.296640927,2020790,T,IEX,302.240000,100
2019-10-30 14:04:10.384355072,2019-10-30 14:04:10.384338497,2021331,T,IEX,302.250000,77
2019-10-30 14:04:10.493390080,2019-10-30 14:04:10.493373301,2021894,T,IEX,302.260000,1
2019-10-30 14:04:10.573625088,2019-10-30 14:04:10.573603698,2022173,T,IEX,302.250000,77
2019-10-30 14:04:10.916861952,2019-10-30 14:04:10.916843188,2023905,T,IEX,302.235000,56
2019-10-30 14:04:11.113337088,2019-10-30 14:04:11.113318201,2024803,T,IEX,302.270000,29
2019-10-30 14:04:11.312403968,2019-10-30 14:04:11.312385862,2026375,T,IEX,302.250000,25
2019-10-30 14:04:11.322471936,2019-10-30 14:04:11.322448944,2026651,T,IEX,302.300000,100
2019-10-30 14:04:11.322482944,2019-10-30 14:04:11.322464176,2026652,T,IEX,302.310000,100
2019-10-30 14:04:11.322500096,2019-10-30 14:04:11.322481984,2026653,T,IEX,302.310000,100
2019-10-30 14:04:11.322979072,2019-10-30 14:04:11.322959470,2026671,T,IEX,302.350000,200
2019-10-30 14:04:11.327494912,2019-10-30 14:04:11.327475754,2026844,T,IEX,302.280000,29
2019-10-30 14:04:11.353188096,2019-10-30 14:04:11.353167734,2027644,T,IEX,302.390000,233
2019-10-30 14:04:11.401687040,2019-10-30 14:04:11.401669870,2029093,T,IEX,302.410000,100
2019-10-30 14:04:11.401722112,2019-10-30 14:04:11.401698553,2029095,T,IEX,302.410000,34
2019-10-30 14:04:11.542196992,2019-10-30 14:04:11.542178538,2031541,T,IEX,302.390000,100
2019-10-30 14:04:11.877402880,2019-10-30 14:04:11.877383890,2034207,T,IEX,302.375000,34
2019-10-30 14:04:11.982142976,2019-10-30 14:04:11.982124624,2034896,T,IEX,302.375000,46
2019-10-30 14:04:12.104546048,2019-10-30 14:04:12.104528811,2035835,T,IEX,302.420000,100
2019-10-30 14:04:12.255691008,2019-10-30 14:04:12.255674687,2036993,T,IEX,302.390000,26
2019-10-30 14:04:12.305928960,2019-10-30 14:04:12.305910217,2037146,T,IEX,302.390000,100
2019-10-30 14:04:12.313467904,2019-10-30 14:04:12.313452233,2037165,T,IEX,302.395000,5
2019-10-30 14:04:12.425712128,2019-10-30 14:04:12.425694619,2037816,T,IEX,302.395000,45
2019-10-30 14:04:12.530708992,2019-10-30 14:04:12.530683481,2038292,T,IEX,302.395000,4
2019-10-30 14:04:12.588375040,2019-10-30 14:04:12.588357960,2038524,T,IEX,302.385000,7
2019-10-30 14:04:12.599684096,2019-10-30 14:04:12.599667149,2038575,T,IEX,302.390000,5
2019-10-30 14:04:12.787998976,2019-10-30 14:04:12.787979889,2039735,T,IEX,302.360000,100
2019-10-30 14:04:12.818217984,2019-10-30 14:04:12.818202130,2040393,T,IEX,302.375000,1
2019-10-30 14:04:13.43164928,2019-10-30 14:04:13.43144127,2041197,T,IEX,302.410000,117
2019-10-30 14:04:13.79013120,2019-10-30 14:04:13.78990536,2042374,T,IEX,302.470000,89
2019-10-30 14:04:13.458827008,2019-10-30 14:04:13.458808077,2044638,T,IEX,302.450000,1
2019-10-30 14:04:13.567376896,2019-10-30 14:04:13.567360894,2046455,T,IEX,302.490000,11
2019-10-30 14:04:13.964391936,2019-10-30 14:04:13.964367600,2048627,T,IEX,302.500000,101
2019-10-30 14:04:13.981029888,2019-10-30 14:04:13.981010986,2049129,T,IEX,302.550000,96
2019-10-30 14:04:14.369523968,2019-10-30 14:04:14.369503040,2052260,T,IEX,302.580000,100
2019-10-30 14:04:15.34054912,2019-10-30 14:04:15.34036476,2056055,T,IEX,302.610000,11
2019-10-30 14:04:15.266728960,2019-10-30 14:04:15.266709107,2057257,T,IEX,302.590000,300
2019-10-30 14:04:15.447930880,2019-10-30 14:04:15.447914451,2057791,T,IEX,302.570000,19
2019-10-30 14:04:16.531177984,2019-10-30 14:04:16.531160810,2062393,T,IEX,302.540000,121
2019-10-30 14:04:16.639163904,2019-10-30 14:04:16.639145238,2062762,T,IEX,302.550000,53
2019-10-30 14:04:16.976998912,2019-10-30 14:04:16.976980608,2064572,T,IEX,302.520000,21
2019-10-30 14:04:17.211149056,2019-10-30 14:04:17.211128618,2065370,T,IEX,302.520000,2
2019-10-30 14:04:18.31686912,2019-10-30 14:04:18.31669713,2068441,T,IEX,302.490000,100
2019-10-30 14:04:18.246158080,2019-10-30 14:04:18.246136781,2069102,T,IEX,302.480000,100
2019-10-30 14:04:18.407959040,2019-10-30 14:04:18.407942130,2069832,T,IEX,302.520000,8
2019-10-30 14:04:19.77949952,2019-10-30 14:04:19.77932390,2071365,T,IEX,302.540000,100
2019-10-30 14:04:19.77975040,2019-10-30 14:04:19.77957405,2071366,T,IEX,302.540000,8
2019-10-30 14:04:19.512011008,2019-10-30 14:04:19.511992973,2072865,T,IEX,302.535000,155
2019-10-30 14:04:19.941298944,2019-10-30 14:04:19.941284346,2074794,T,IEX,302.550000,50
2019-10-30 14:04:20.164101888,2019-10-30 14:04:20.164082797,2075554,T,IEX,302.560000,100
2019-10-30 14:04:20.164128000,2019-10-30 14:04:20.164103511,2075557,T,IEX,302.560000,18
2019-10-30 14:04:20.169111040,2019-10-30 14:04:20.169093378,2075611,T,IEX,302.555000,300
2019-10-30 14:04:20.207374080,2019-10-30 14:04:20.207356875,2075815,T,IEX,302.530000,100
2019-10-30 14:04:20.207416064,2019-10-30 14:04:20.207398908,2075817,T,IEX,302.530000,100
2019-10-30 14:04:20.224260096,2019-10-30 14:04:20.224243292,2075954,T,IEX,302.520000,100
2019-10-30 14:04:21.113740032,2019-10-30 14:04:21.113720149,2079096,T,IEX,302.510000,100
2019-10-30 14:04:21.268796928,2019-10-30 14:04:21.268778071,2079457,T,IEX,302.500000,100
2019-10-30 14:04:21.312317952,2019-10-30 14:04:21.312296673,2079565,T,IEX,302.510000,4
2019-10-30 14:04:21.534960896,2019-10-30 14:04:21.534942470,2081538,T,IEX,302.460000,100
2019-10-30 14:04:21.850963968,2019-10-30 14:04:21.850947021,2082454,T,IEX,302.460000,100
2019-10-30 14:04:22.81709056,2019-10-30 14:04:22.81686686,2083665,T,IEX,302.505000,500
2019-10-30 14:04:22.81723904,2019-10-30 14:04:22.81705663,2083666,T,IEX,302.510000,500
2019-10-30 14:04:22.145216000,2019-10-30 14:04:22.145195509,2084045,T,IEX,302.490000,100
2019-10-30 14:04:22.665094912,2019-10-30 14:04:22.665077711,2085164,T,IEX,302.480000,100
2019-10-30 14:04:22.736898048,2019-10-30 14:04:22.736878818,2085465,T,IEX,302.495000,200
2019-10-30 14:04:22.736914944,2019-10-30 14:04:22.736897097,2085466,T,IEX,302.500000,100
2019-10-30 14:04:22.737223936,2019-10-30 14:04:22.737202403,2085479,T,IEX,302.500000,100
2019-10-30 14:04:22.737263104,2019-10-30 14:04:22.737243919,2085481,T,IEX,302.500000,45
2019-10-30 14:04:22.737531904,2019-10-30 14:04:22.737512677,2085491,T,IEX,302.500000,52
2019-10-30 14:04:23.39351040,2019-10-30 14:04:23.39330626,2086244,T,IEX,302.500000,200
2019-10-30 14:04:24.30274048,2019-10-30 14:04:24.30253397,2088956,T,IEX,302.510000,100
2019-10-30 14:04:24.38138880,2019-10-30 14:04:24.38121552,2089018,T,IEX,302.510000,100
2019-10-30 14:04:24.132272128,2019-10-30 14:04:24.132254014,2089376,T,IEX,302.500000,9
2019-10-30 14:04:24.132291072,2019-10-30 14:04:24.132274605,2089377,T,IEX,302.500000,100
2019-10-30 14:04:24.173851904,2019-10-30 14:04:24.173831105,2089477,T,IEX,302.500000,67
2019-10-30 14:04:24.302002944,2019-10-30 14:04:24.301984738,2089855,T,IEX,302.500000,4
2019-10-30 14:04:24.449103104,2019-10-30 14:04:24.449085940,2090062,T,IEX,302.510000,10
2019-10-30 14:04:24.565140992,2019-10-30 14:04:24.565123737,2090306,T,IEX,302.510000,18
2019-10-30 14:04:24.692230912,2019-10-30 14:04:24.692211452,2090585,T,IEX,302.520000,24
2019-10-30 14:04:24.692246016,2019-10-30 14:04:24.692229650,2090586,T,IEX,302.520000,500
2019-10-30 14:04:24.764464896,2019-10-30 14:04:24.764448671,2090751,T,IEX,302.515000,11
2019-10-30 14:04:24.810105088,2019-10-30 14:04:24.810088004,2091179,T,IEX,302.540000,89
2019-10-30 14:04:24.828158976,2019-10-30 14:04:24.828139307,2091276,T,IEX,302.540000,711
2019-10-30 14:04:24.957289984,2019-10-30 14:04:24.957273221,2091945,T,IEX,302.560000,4
2019-10-30 14:04:24.957303040,2019-10-30 14:04:24.957285512,2091946,T,IEX,302.560000,196
2019-10-30 14:04:24.958603008,2019-10-30 14:04:24.958585535,2091956,T,IEX,302.570000,26
2019-10-30 14:04:25.10120960,2019-10-30 14:04:25.10104089,2092097,T,IEX,302.560000,34
2019-10-30 14:04:25.92124928,2019-10-30 14:04:25.92108634,2092389,T,IEX,302.570000,1000
2019-10-30 14:04:25.116652032,2019-10-30 14:04:25.116633486,2092622,T,IEX,302.570000,100
2019-10-30 14:04:25.228144128,2019-10-30 14:04:25.228125812,2093119,T,IEX,302.570000,100
2019-10-30 14:04:25.228160000,2019-10-30 14:04:25.228143700,2093120,T,IEX,302.570000,6
2019-10-30 14:04:25.593643008,2019-10-30 14:04:25.593626421,2094088,T,IEX,302.575000,100
2019-10-30 14:04:25.638604032,2019-10-30 14:04:25.638583618,2094278,T,IEX,302.585000,100
2019-10-30 14:04:25.643261952,2019-10-30 14:04:25.643242346,2094463,T,IEX,302.610000,13
2019-10-30 14:04:25.660086016,2019-10-30 14:04:25.660066254,2094955,T,IEX,302.670000,85
2019-10-30 14:04:25.686949888,2019-10-30 14:04:25.686931491,2095761,T,IEX,302.670000,36
2019-10-30 14:04:25.761352960,2019-10-30 14:04:25.761329737,2096993,T,IEX,302.680000,100
2019-10-30 14:04:25.761572096,2019-10-30 14:04:25.761552375,2097003,T,IEX,302.710000,100
2019-10-30 14:04:25.773820928,2019-10-30 14:04:25.773801788,2097383,T,IEX,302.680000,79
2019-10-30 14:04:25.816738048,2019-10-30 14:04:25.816718487,2098179,T,IEX,302.660000,100
2019-10-30 14:04:25.894757888,2019-10-30 14:04:25.894736780,2098744,T,IEX,302.680000,121
2019-10-30 14:04:25.990702080,2019-10-30 14:04:25.990684892,2099432,T,IEX,302.710000,50
2019-10-30 14:04:26.30735872,2019-10-30 14:04:26.30717763,2099586,T,IEX,302.705000,100
2019-10-30 14:04:26.125564928,2019-10-30 14:04:26.125547321,2099984,T,IEX,302.715000,100
2019-10-30 14:04:26.324409088,2019-10-30 14:04:26.324392184,2100733,T,IEX,302.710000,100
2019-10-30 14:04:26.826772992,2019-10-30 14:04:26.826753376,2103358,T,IEX,302.640000,100
2019-10-30 14:04:26.832850944,2019-10-30 14:04:26.832828945,2103368,T,IEX,302.640000,100
2019-10-30 14:04:26.835088896,2019-10-30 14:04:26.835068756,2103371,T,IEX,302.640000,100
2019-10-30 14:04:26.836958976,2019-10-30 14:04:26.836942486,2103377,T,IEX,302.640000,100
2019-10-30 14:04:27.80496128,2019-10-30 14:04:27.80476782,2104349,T,IEX,302.700000,500
2019-10-30 14:04:27.552953088,2019-10-30 14:04:27.552934926,2108934,T,IEX,302.775000,500
2019-10-30 14:04:28.375062016,2019-10-30 14:04:28.375043083,2111639,T,IEX,302.770000,100
2019-10-30 14:04:29.27412992,2019-10-30 14:04:29.27392405,2113781,T,IEX,302.765000,1500
2019-10-30 14:04:29.876014080,2019-10-30 14:04:29.875995275,2117408,T,IEX,302.710000,100
2019-10-30 14:04:29.881769984,2019-10-30 14:04:29.881751203,2117429,T,IEX,302.710000,100
2019-10-30 14:04:29.964192000,2019-10-30 14:04:29.964167908,2117689,T,IEX,302.730000,100
2019-10-30 14:04:31.786575872,2019-10-30 14:04:31.786556541,2124163,T,IEX,302.740000,100
2019-10-30 14:04:31.789416960,2019-10-30 14:04:31.789400169,2124170,T,IEX,302.740000,100
2019-10-30 14:04:32.81643008,2019-10-30 14:04:32.81624478,2124948,T,IEX,302.770000,500
2019-10-30 14:04:32.84163072,2019-10-30 14:04:32.84145809,2125037,T,IEX,302.780000,400
2019-10-30 14:04:32.308553984,2019-10-30 14:04:32.308539393,2126076,T,IEX,302.730000,77
2019-10-30 14:04:32.311828992,2019-10-30 14:04:32.311812588,2126086,T,IEX,302.730000,100
2019-10-30 14:04:32.500483072,2019-10-30 14:04:32.500460854,2127088,T,IEX,302.760000,4
2019-10-30 14:04:32.749469952,2019-10-30 14:04:32.749447682,2127580,T,IEX,302.780000,100
2019-10-30 14:04:33.127622912,2019-10-30 14:04:33.127605754,2128703,T,IEX,302.760000,100
2019-10-30 14:04:33.138125056,2019-10-30 14:04:33.138107188,2128745,T,IEX,302.750000,500
2019-10-30 14:04:33.735238912,2019-10-30 14:04:33.735223283,2130929,T,IEX,302.720000,60
2019-10-30 14:04:33.749255936,2019-10-30 14:04:33.749239900,2130965,T,IEX,302.740000,100
2019-10-30 14:04:34.575215104,2019-10-30 14:04:34.575196513,2132424,T,IEX,302.750000,100
2019-10-30 14:04:34.575802880,2019-10-30 14:04:34.575785891,2132439,T,IEX,302.740000,40
2019-10-30 14:04:34.578972928,2019-10-30 14:04:34.578954819,2132483,T,IEX,302.760000,100
2019-10-30 14:04:34.634540032,2019-10-30 14:04:34.634516736,2132616,T,IEX,302.770000,100
2019-10-30 14:04:34.683791872,2019-10-30 14:04:34.683768229,2132857,T,IEX,302.780000,100
2019-10-30 14:04:35.390670080,2019-10-30 14:04:35.390646444,2133950,T,IEX,302.740000,100
2019-10-30 14:04:35.391536896,2019-10-30 14:04:35.391519892,2133962,T,IEX,302.740000,100
2019-10-30 14:04:35.392128000,2019-10-30 14:04:35.392110805,2133968,T,IEX,302.740000,300
2019-10-30 14:04:35.392143872,2019-10-30 14:04:35.392127009,2133969,T,IEX,302.740000,100
2019-10-30 14:04:35.397532928,2019-10-30 14:04:35.397516771,2134024,T,IEX,302.730000,128
2019-10-30 14:04:35.399529984,2019-10-30 14:04:35.399511872,2134048,T,IEX,302.730000,100
2019-10-30 14:04:35.511752960,2019-10-30 14:04:35.511734847,2134417,T,IEX,302.710000,186
2019-10-30 14:04:35.514051072,2019-10-30 14:04:35.514029419,2134419,T,IEX,302.710000,300
2019-10-30 14:04:35.539838976,2019-10-30 14:04:35.539818937,2134608,T,IEX,302.710000,77
2019-10-30 14:04:35.750574080,2019-10-30 14:04:35.750555927,2135407,T,IEX,302.690000,214
2019-10-30 14:04:35.752824064,2019-10-30 14:04:35.752805456,2135427,T,IEX,302.690000,286
2019-10-30 14:04:35.752837120,2019-10-30 14:04:35.752820573,2135428,T,IEX,302.690000,200
2019-10-30 14:04:36.310212096,2019-10-30 14:04:36.310193884,2137723,T,IEX,302.650000,2000
2019-10-30 14:04:36.310324992,2019-10-30 14:04:36.310306667,2137728,T,IEX,302.620000,87
2019-10-30 14:04:36.311545088,2019-10-30 14:04:36.311518643,2137796,T,IEX,302.600000,100
2019-10-30 14:04:36.311558912,2019-10-30 14:04:36.311539580,2137797,T,IEX,302.560000,200
2019-10-30 14:04:36.574777088,2019-10-30 14:04:36.574759582,2143197,T,IEX,302.540000,12
2019-10-30 14:04:37.299303936,2019-10-30 14:04:37.299287780,2146911,T,IEX,302.560000,100
2019-10-30 14:04:37.300933120,2019-10-30 14:04:37.300914960,2146918,T,IEX,302.560000,200
2019-10-30 14:04:38.159532032,2019-10-30 14:04:38.159512917,2151203,T,IEX,302.610000,100
2019-10-30 14:04:38.902110976,2019-10-30 14:04:38.902093545,2153309,T,IEX,302.610000,100
2019-10-30 14:04:38.904411904,2019-10-30 14:04:38.904394159,2153318,T,IEX,302.610000,77
2019-10-30 14:04:39.763197952,2019-10-30 14:04:39.763179012,2155431,T,IEX,302.620000,100
2019-10-30 14:04:40.426226944,2019-10-30 14:04:40.426208242,2156647,T,IEX,302.590000,100
2019-10-30 14:04:41.3727104,2019-10-30 14:04:41.3709399,2158432,T,IEX,302.550000,100
2019-10-30 14:04:41.3742976,2019-10-30 14:04:41.3726873,2158433,T,IEX,302.550000,31
2019-10-30 14:04:41.112923904,2019-10-30 14:04:41.112906143,2158718,T,IEX,302.550000,100
2019-10-30 14:04:41.129145088,2019-10-30 14:04:41.129128413,2159000,T,IEX,302.570000,42
2019-10-30 14:04:41.282859008,2019-10-30 14:04:41.282842020,2159942,T,IEX,302.550000,100
2019-10-30 14:04:41.309863936,2019-10-30 14:04:41.309845192,2160111,T,IEX,302.550000,100
2019-10-30 14:04:42.62268928,2019-10-30 14:04:42.62251747,2162934,T,IEX,302.560000,400
2019-10-30 14:04:42.63728896,2019-10-30 14:04:42.63710327,2162955,T,IEX,302.560000,100
2019-10-30 14:04:42.82185984,2019-10-30 14:04:42.82168682,2163295,T,IEX,302.580000,82
2019-10-30 14:04:42.84964096,2019-10-30 14:04:42.84944468,2163323,T,IEX,302.580000,18
2019-10-30 14:04:42.282138880,2019-10-30 14:04:42.282121206,2163798,T,IEX,302.560000,100
2019-10-30 14:04:45.60803072,2019-10-30 14:04:45.60783831,2169504,T,IEX,302.610000,500
2019-10-30 14:04:45.63673088,2019-10-30 14:04:45.63654905,2169541,T,IEX,302.610000,500
2019-10-30 14:04:45.80058112,2019-10-30 14:04:45.80040551,2169723,T,IEX,302.610000,100
2019-10-30 14:04:46.355296000,2019-10-30 14:04:46.355274627,2175368,T,IEX,302.640000,100
2019-10-30 14:04:47.132199936,2019-10-30 14:04:47.132184213,2177640,T,IEX,302.650000,2
2019-10-30 14:04:47.524129024,2019-10-30 14:04:47.524112032,2178455,T,IEX,302.640000,100
2019-10-30 14:04:48.18128896,2019-10-30 14:04:48.18110046,2179615,T,IEX,302.660000,100
2019-10-30 14:04:48.459363072,2019-10-30 14:04:48.459346106,2180545,T,IEX,302.670000,100
2019-10-30 14:04:48.459376128,2019-10-30 14:04:48.459358916,2180546,T,IEX,302.670000,155
2019-10-30 14:04:48.461960960,2019-10-30 14:04:48.461942323,2180563,T,IEX,302.670000,300
2019-10-30 14:04:48.870096896,2019-10-30 14:04:48.870076995,2181552,T,IEX,302.690000,331
2019-10-30 14:04:48.872333056,2019-10-30 14:04:48.872315458,2181564,T,IEX,302.690000,100
2019-10-30 14:04:48.971628032,2019-10-30 14:04:48.971611102,2181757,T,IEX,302.680000,100
2019-10-30 14:04:50.336516096,2019-10-30 14:04:50.336499538,2185155,T,IEX,302.670000,500
2019-10-30 14:04:50.360844032,2019-10-30 14:04:50.360825746,2185256,T,IEX,302.670000,100
2019-10-30 14:04:50.727173120,2019-10-30 14:04:50.727150532,2186054,T,IEX,302.675000,500
2019-10-30 14:04:53.387543040,2019-10-30 14:04:53.387524454,2192367,T,IEX,302.710000,500
2019-10-30 14:04:57.433303040,2019-10-30 14:04:57.433281019,2200191,T,IEX,302.710000,25
2019-10-30 14:04:57.451130112,2019-10-30 14:04:57.451112834,2200237,T,IEX,302.710000,100
2019-10-30 14:05:00.979998976,2019-10-30 14:05:00.979978871,2207632,T,IEX,302.700000,100
2019-10-30 14:05:01.262777088,2019-10-30 14:05:01.262760639,2208604,T,IEX,302.685000,100
2019-10-30 14:05:05.63653888,2019-10-30 14:05:05.63637135,2214260,T,IEX,302.690000,100
2019-10-30 14:05:05.63673088,2019-10-30 14:05:05.63656562,2214261,T,IEX,302.690000,100
2019-10-30 14:05:05.66000896,2019-10-30 14:05:05.65983165,2214276,T,IEX,302.690000,500
2019-10-30 14:05:05.159318016,2019-10-30 14:05:05.159301133,2214614,T,IEX,302.700000,100
2019-10-30 14:05:06.428418048,2019-10-30 14:05:06.428398583,2217144,T,IEX,302.685000,100
2019-10-30 14:05:06.646888960,2019-10-30 14:05:06.646865217,2217706,T,IEX,302.660000,100
2019-10-30 14:05:06.646917888,2019-10-30 14:05:06.646898663,2217710,T,IEX,302.650000,400
2019-10-30 14:05:06.646949120,2019-10-30 14:05:06.646918345,2217714,T,IEX,302.650000,1000
2019-10-30 14:05:12.799494912,2019-10-30 14:05:12.799478322,2230068,T,IEX,302.710000,100
2019-10-30 14:05:12.871726080,2019-10-30 14:05:12.871706548,2230295,T,IEX,302.720000,100
2019-10-30 14:05:13.414219008,2019-10-30 14:05:13.414202861,2231885,T,IEX,302.740000,100
2019-10-30 14:05:13.432854016,2019-10-30 14:05:13.432834847,2231966,T,IEX,302.740000,100
2019-10-30 14:05:13.791361024,2019-10-30 14:05:13.791343782,2233240,T,IEX,302.760000,400
2019-10-30 14:05:13.791375104,2019-10-30 14:05:13.791358964,2233241,T,IEX,302.760000,100
2019-10-30 14:05:14.614487040,2019-10-30 14:05:14.614469449,2236189,T,IEX,302.800000,100
2019-10-30 14:05:14.614512896,2019-10-30 14:05:14.614497109,2236190,T,IEX,302.800000,100
2019-10-30 14:05:14.720227072,2019-10-30 14:05:14.720208045,2236446,T,IEX,302.790000,100
2019-10-30 14:05:14.720254976,2019-10-30 14:05:14.720231493,2236449,T,IEX,302.780000,500
2019-10-30 14:05:14.995089920,2019-10-30 14:05:14.995072177,2237774,T,IEX,302.790000,100
2019-10-30 14:05:15.47769088,2019-10-30 14:05:15.47747161,2237912,T,IEX,302.800000,100
2019-10-30 14:05:16.53449984,2019-10-30 14:05:16.53426983,2241627,T,IEX,302.800000,100
2019-10-30 14:05:17.510534912,2019-10-30 14:05:17.510513878,2244493,T,IEX,302.820000,100
2019-10-30 14:05:20.201402880,2019-10-30 14:05:20.201383338,2249665,T,IEX,302.730000,100
2019-10-30 14:05:21.66085888,2019-10-30 14:05:21.66069206,2251137,T,IEX,302.770000,100
2019-10-30 14:05:29.895136000,2019-10-30 14:05:29.895116558,2264170,T,IEX,302.780000,100
2019-10-30 14:05:31.985207040,2019-10-30 14:05:31.985181344,2266823,T,IEX,302.780000,100
2019-10-30 14:05:31.989036032,2019-10-30 14:05:31.989011389,2266943,T,IEX,302.790000,100
2019-10-30 14:05:31.991280128,2019-10-30 14:05:31.991261287,2267017,T,IEX,302.820000,100
2019-10-30 14:05:32.9499904,2019-10-30 14:05:32.9480374,2267660,T,IEX,302.810000,100
2019-10-30 14:05:32.65377024,2019-10-30 14:05:32.65360213,2268352,T,IEX,302.790000,3
2019-10-30 14:05:33.89039104,2019-10-30 14:05:33.89020390,2270393,T,IEX,302.790000,100
2019-10-30 14:05:33.388601088,2019-10-30 14:05:33.388582683,2270815,T,IEX,302.780000,700
2019-10-30 14:05:36.979881984,2019-10-30 14:05:36.979862720,2277830,T,IEX,302.815000,100
2019-10-30 14:05:37.978887936,2019-10-30 14:05:37.978870210,2279280,T,IEX,302.800000,100
2019-10-30 14:05:38.818929920,2019-10-30 14:05:38.818909673,2280438,T,IEX,302.785000,11
2019-10-30 14:05:38.946180096,2019-10-30 14:05:38.946159739,2280543,T,IEX,302.785000,97
2019-10-30 14:05:39.871493888,2019-10-30 14:05:39.871475778,2281065,T,IEX,302.780000,100
2019-10-30 14:05:39.871521024,2019-10-30 14:05:39.871503601,2281066,T,IEX,302.780000,100
2019-10-30 14:05:39.871544064,2019-10-30 14:05:39.871519009,2281068,T,IEX,302.780000,241
2019-10-30 14:05:42.891376896,2019-10-30 14:05:42.891355989,2285025,T,IEX,302.770000,80
2019-10-30 14:05:42.891390976,2019-10-30 14:05:42.891373934,2285026,T,IEX,302.770000,20
2019-10-30 14:05:47.73832960,2019-10-30 14:05:47.73814034,2290395,T,IEX,302.740000,800
2019-10-30 14:05:52.413817088,2019-10-30 14:05:52.413797737,2296855,T,IEX,302.760000,26
2019-10-30 14:06:04.287228928,2019-10-30 14:06:04.287207605,2310017,T,IEX,302.690000,100
2019-10-30 14:06:05.949530880,2019-10-30 14:06:05.949513055,2312243,T,IEX,302.690000,100
2019-10-30 14:06:11.26838016,2019-10-30 14:06:11.26820363,2317726,T,IEX,302.665000,100
2019-10-30 14:06:13.9699072,2019-10-30 14:06:13.9677181,2321041,T,IEX,302.630000,100
2019-10-30 14:06:14.129338112,2019-10-30 14:06:14.129317751,2322488,T,IEX,302.620000,100
2019-10-30 14:06:19.69398016,2019-10-30 14:06:19.69381154,2329173,T,IEX,302.650000,2
2019-10-30 14:06:28.811715072,2019-10-30 14:06:28.811695305,2341802,T,IEX,302.635000,500
2019-10-30 14:06:29.168627968,2019-10-30 14:06:29.168609306,2342185,T,IEX,302.645000,100
2019-10-30 14:06:29.194977024,2019-10-30 14:06:29.194959357,2342333,T,IEX,302.655000,122
2019-10-30 14:06:35.212086016,2019-10-30 14:06:35.212066648,2348700,T,IEX,302.670000,1
2019-10-30 14:06:35.234799104,2019-10-30 14:06:35.234781081,2348733,T,IEX,302.670000,100
2019-10-30 14:06:35.259881984,2019-10-30 14:06:35.259863743,2348776,T,IEX,302.670000,100
2019-10-30 14:06:35.512304128,2019-10-30 14:06:35.512281653,2348992,T,IEX,302.670000,100
2019-10-30 14:06:35.636430080,2019-10-30 14:06:35.636413770,2349102,T,IEX,302.670000,100
2019-10-30 14:06:39.706841088,2019-10-30 14:06:39.706823030,2352908,T,IEX,302.670000,100
2019-10-30 14:06:39.730866944,2019-10-30 14:06:39.730846840,2353104,T,IEX,302.700000,200
2019-10-30 14:06:44.708486912,2019-10-30 14:06:44.708467912,2360907,T,IEX,302.640000,100
2019-10-30 14:06:49.771105024,2019-10-30 14:06:49.771086150,2367813,T,IEX,302.580000,1000
2019-10-30 14:06:52.992662016,2019-10-30 14:06:52.992640704,2373016,T,IEX,302.610000,3
2019-10-30 14:06:57.272331008,2019-10-30 14:06:57.272315169,2377181,T,IEX,302.640000,100
2019-10-30 14:07:04.516920064,2019-10-30 14:07:04.516904429,2385703,T,IEX,302.710000,100
2019-10-30 14:07:05.266851072,2019-10-30 14:07:05.266831176,2386664,T,IEX,302.715000,100
2019-10-30 14:07:05.279250944,2019-10-30 14:07:05.279235415,2386672,T,IEX,302.720000,100
2019-10-30 14:07:10.60345088,2019-10-30 14:07:10.60324172,2392889,T,IEX,302.770000,100
2019-10-30 14:07:11.149310976,2019-10-30 14:07:11.149292687,2395076,T,IEX,302.800000,100
2019-10-30 14:07:17.51940096,2019-10-30 14:07:17.51920592,2405466,T,IEX,302.770000,100
2019-10-30 14:07:22.201444096,2019-10-30 14:07:22.201426354,2412099,T,IEX,302.775000,100
2019-10-30 14:07:23.89220096,2019-10-30 14:07:23.89199416,2412944,T,IEX,302.790000,50
2019-10-30 14:07:52.859397888,2019-10-30 14:07:52.859379408,2440394,T,IEX,302.780000,100
2019-10-30 14:07:53.510859008,2019-10-30 14:07:53.510839903,2441450,T,IEX,302.790000,1
2019-10-30 14:08:18.293869056,2019-10-30 14:08:18.293848732,2461985,T,IEX,302.740000,1
2019-10-30 14:08:21.725058048,2019-10-30 14:08:21.724976127,2465077,T,IEX,302.730000,11
2019-10-30 14:08:39.136136960,2019-10-30 14:08:39.136120197,2481760,T,IEX,302.820000,100
2019-10-30 14:08:41.204305920,2019-10-30 14:08:41.204283575,2483824,T,IEX,302.810000,100
2019-10-30 14:08:47.456421888,2019-10-30 14:08:47.456401265,2488575,T,IEX,302.820000,6
2019-10-30 14:09:04.971833088,2019-10-30 14:09:04.971811597,2501835,T,IEX,302.755000,5
2019-10-30 14:09:05.592154112,2019-10-30 14:09:05.592134400,2502655,T,IEX,302.800000,100
2019-10-30 14:09:09.707708928,2019-10-30 14:09:09.707688704,2508985,T,IEX,302.780000,12
2019-10-30 14:09:16.791104000,2019-10-30 14:09:16.791083997,2515942,T,IEX,302.770000,72
2019-10-30 14:09:17.835520000,2019-10-30 14:09:17.835491545,2517080,T,IEX,302.785000,100
2019-10-30 14:09:27.800811008,2019-10-30 14:09:27.800789825,2527094,T,IEX,302.830000,100
2019-10-30 14:09:28.873266944,2019-10-30 14:09:28.873246714,2527852,T,IEX,302.835000,21
2019-10-30 14:09:37.878874112,2019-10-30 14:09:37.878855057,2535823,T,IEX,302.810000,100
2019-10-30 14:09:45.724431104,2019-10-30 14:09:45.724409040,2540953,T,IEX,302.825000,100
2019-10-30 14:09:45.837956096,2019-10-30 14:09:45.837935761,2541002,T,IEX,302.830000,100
2019-10-30 14:09:45.837972992,2019-10-30 14:09:45.837955541,2541003,T,IEX,302.830000,100
2019-10-30 14:09:47.527697920,2019-10-30 14:09:47.527672210,2541891,T,IEX,302.825000,100
2019-10-30 14:09:47.899507968,2019-10-30 14:09:47.899487257,2542221,T,IEX,302.825000,100
2019-10-30 14:09:51.645067008,2019-10-30 14:09:51.645047823,2544547,T,IEX,302.800000,100
2019-10-30 14:09:51.645110016,2019-10-30 14:09:51.645088815,2544550,T,IEX,302.800000,100
2019-10-30 14:09:51.645156096,2019-10-30 14:09:51.645135675,2544553,T,IEX,302.800000,100
2019-10-30 14:09:51.929596928,2019-10-30 14:09:51.929580784,2545141,T,IEX,302.795000,100
2019-10-30 14:09:54.29774080,2019-10-30 14:09:54.29753842,2546556,T,IEX,302.800000,100
2019-10-30 14:09:55.50324992,2019-10-30 14:09:55.50307622,2547374,T,IEX,302.815000,100
2019-10-30 14:09:55.51472896,2019-10-30 14:09:55.51453995,2547377,T,IEX,302.815000,100
2019-10-30 14:09:59.2196992,2019-10-30 14:09:59.2179878,2549802,T,IEX,302.815000,100
2019-10-30 14:09:59.17649920,2019-10-30 14:09:59.17631809,2549922,T,IEX,302.815000,100
2019-10-30 14:10:02.57076992,2019-10-30 14:10:02.57059508,2552302,T,IEX,302.815000,100
2019-10-30 14:10:02.843908096,2019-10-30 14:10:02.843886656,2553716,T,IEX,302.845000,100
2019-10-30 14:10:02.843926016,2019-10-30 14:10:02.843899973,2553718,T,IEX,302.845000,100
2019-10-30 14:10:11.380386048,2019-10-30 14:10:11.380364248,2562654,T,IEX,302.850000,100
2019-10-30 14:10:11.380512000,2019-10-30 14:10:11.380487142,2562664,T,IEX,302.850000,1000
2019-10-30 14:10:11.381625088,2019-10-30 14:10:11.381600490,2562702,T,IEX,302.860000,100
2019-10-30 14:10:12.209999104,2019-10-30 14:10:12.209982359,2563852,T,IEX,302.885000,100
2019-10-30 14:10:13.965146112,2019-10-30 14:10:13.965125709,2565464,T,IEX,302.880000,200
2019-10-30 14:10:15.372478976,2019-10-30 14:10:15.372462535,2566902,T,IEX,302.880000,62
2019-10-30 14:10:16.652903936,2019-10-30 14:10:16.652884990,2568981,T,IEX,302.900000,200
2019-10-30 14:10:16.768078080,2019-10-30 14:10:16.768061655,2569260,T,IEX,302.905000,100
2019-10-30 14:10:19.226956032,2019-10-30 14:10:19.226934657,2571340,T,IEX,302.910000,10
2019-10-30 14:10:19.434600960,2019-10-30 14:10:19.434579540,2571519,T,IEX,302.910000,500
2019-10-30 14:10:19.434610944,2019-10-30 14:10:19.434592632,2571520,T,IEX,302.910000,100
2019-10-30 14:10:24.487666944,2019-10-30 14:10:24.487646786,2574826,T,IEX,302.870000,100
2019-10-30 14:10:28.244105984,2019-10-30 14:10:28.244087020,2577791,T,IEX,302.880000,100
2019-10-30 14:10:31.117504000,2019-10-30 14:10:31.117486478,2579829,T,IEX,302.895000,100
2019-10-30 14:10:35.130690048,2019-10-30 14:10:35.130669671,2583717,T,IEX,302.900000,23
2019-10-30 14:10:35.820238080,2019-10-30 14:10:35.820219836,2584471,T,IEX,302.885000,23
2019-10-30 14:10:52.208633088,2019-10-30 14:10:52.208616107,2598733,T,IEX,302.895000,100
2019-10-30 14:10:58.567578112,2019-10-30 14:10:58.567557829,2602964,T,IEX,302.895000,100
2019-10-30 14:11:28.21757952,2019-10-30 14:11:28.21737520,2628037,T,IEX,302.850000,100
2019-10-30 14:11:28.21775104,2019-10-30 14:11:28.21757269,2628038,T,IEX,302.850000,100
2019-10-30 14:11:35.980921088,2019-10-30 14:11:35.980901261,2633925,T,IEX,302.850000,1
2019-10-30 14:11:38.200443904,2019-10-30 14:11:38.200423700,2635470,T,IEX,302.870000,100
2019-10-30 14:11:38.467713024,2019-10-30 14:11:38.467693567,2636140,T,IEX,302.910000,100
2019-10-30 14:11:40.550444032,2019-10-30 14:11:40.550418048,2638121,T,IEX,302.885000,100
2019-10-30 14:11:40.550455040,2019-10-30 14:11:40.550428757,2638123,T,IEX,302.880000,700
2019-10-30 14:11:46.340826112,2019-10-30 14:11:46.340806741,2642075,T,IEX,302.895000,100
2019-10-30 14:12:32.342554112,2019-10-30 14:12:32.342535001,2674040,T,IEX,302.935000,200
2019-10-30 14:12:33.417306112,2019-10-30 14:12:33.417286093,2675269,T,IEX,302.935000,200
2019-10-30 14:12:33.428228096,2019-10-30 14:12:33.428206855,2675273,T,IEX,302.930000,300
2019-10-30 14:12:39.62609920,2019-10-30 14:12:39.62593269,2679299,T,IEX,302.930000,400
2019-10-30 14:12:44.685556992,2019-10-30 14:12:44.685535552,2682654,T,IEX,302.920000,1000
2019-10-30 14:12:49.132185088,2019-10-30 14:12:49.132164045,2685359,T,IEX,302.930000,10
2019-10-30 14:12:54.547823104,2019-10-30 14:12:54.547801324,2688514,T,IEX,302.910000,200
2019-10-30 14:13:06.671769088,2019-10-30 14:13:06.671749178,2696555,T,IEX,302.920000,3
2019-10-30 14:13:10.749273088,2019-10-30 14:13:10.749250695,2698828,T,IEX,302.905000,100
2019-10-30 14:13:14.246329088,2019-10-30 14:13:14.246310775,2700956,T,IEX,302.895000,100
2019-10-30 14:13:14.511141120,2019-10-30 14:13:14.511121473,2701510,T,IEX,302.895000,100
2019-10-30 14:13:23.162434048,2019-10-30 14:13:23.162415574,2707549,T,IEX,302.900000,100
2019-10-30 14:13:34.50821888,2019-10-30 14:13:34.50804147,2713929,T,IEX,302.885000,100
2019-10-30 14:13:36.48702976,2019-10-30 14:13:36.48679584,2714812,T,IEX,302.885000,100
2019-10-30 14:13:36.82160896,2019-10-30 14:13:36.82139797,2714854,T,IEX,302.885000,100
2019-10-30 14:13:39.431450112,2019-10-30 14:13:39.431433183,2716534,T,IEX,302.880000,125
2019-10-30 14:13:40.824657920,2019-10-30 14:13:40.824638398,2717601,T,IEX,302.885000,100
2019-10-30 14:13:46.231419904,2019-10-30 14:13:46.231395094,2720743,T,IEX,302.885000,100
2019-10-30 14:13:47.173748992,2019-10-30 14:13:47.173714843,2721486,T,IEX,302.880000,100
2019-10-30 14:13:47.180876032,2019-10-30 14:13:47.180856597,2721504,T,IEX,302.880000,100
2019-10-30 14:13:47.187809024,2019-10-30 14:13:47.187789586,2721508,T,IEX,302.880000,50
2019-10-30 14:13:48.36623872,2019-10-30 14:13:48.36604023,2722185,T,IEX,302.885000,194
2019-10-30 14:13:49.210712064,2019-10-30 14:13:49.210690017,2723284,T,IEX,302.895000,1065
2019-10-30 14:13:49.322889984,2019-10-30 14:13:49.322871154,2723380,T,IEX,302.895000,1
2019-10-30 14:13:50.80954112,2019-10-30 14:13:50.80935429,2723829,T,IEX,302.895000,100
2019-10-30 14:13:50.82093056,2019-10-30 14:13:50.82074978,2723840,T,IEX,302.900000,360
2019-10-30 14:14:02.521374976,2019-10-30 14:14:02.521354091,2737036,T,IEX,302.815000,100
2019-10-30 14:14:02.718128896,2019-10-30 14:14:02.718108754,2737244,T,IEX,302.805000,100
2019-10-30 14:14:02.721050880,2019-10-30 14:14:02.721032755,2737256,T,IEX,302.800000,63
2019-10-30 14:14:06.161620992,2019-10-30 14:14:06.161601509,2739976,T,IEX,302.805000,100
2019-10-30 14:14:09.719915008,2019-10-30 14:14:09.719895596,2743186,T,IEX,302.830000,100
2019-10-30 14:14:10.668492032,2019-10-30 14:14:10.668470726,2744843,T,IEX,302.810000,8
2019-10-30 14:14:13.836942080,2019-10-30 14:14:13.836922501,2747735,T,IEX,302.820000,100
2019-10-30 14:14:13.847738112,2019-10-30 14:14:13.847718834,2747762,T,IEX,302.820000,9
2019-10-30 14:14:20.82119936,2019-10-30 14:14:20.82098882,2751800,T,IEX,302.835000,25
2019-10-30 14:14:22.262085120,2019-10-30 14:14:22.262067884,2753189,T,IEX,302.835000,100
2019-10-30 14:14:22.262105088,2019-10-30 14:14:22.262087909,2753190,T,IEX,302.835000,400
2019-10-30 14:14:33.117637120,2019-10-30 14:14:33.117618237,2760229,T,IEX,302.845000,100
2019-10-30 14:14:37.439175936,2019-10-30 14:14:37.439158988,2764493,T,IEX,302.845000,100
2019-10-30 14:14:38.140231936,2019-10-30 14:14:38.140213524,2764785,T,IEX,302.845000,196
2019-10-30 14:14:42.677810944,2019-10-30 14:14:42.677790631,2767722,T,IEX,302.855000,100
2019-10-30 14:14:47.73697024,2019-10-30 14:14:47.73677904,2769951,T,IEX,302.860000,100
2019-10-30 14:14:53.91021056,2019-10-30 14:14:53.90998535,2773765,T,IEX,302.855000,100
2019-10-30 14:14:53.91034112,2019-10-30 14:14:53.91017364,2773766,T,IEX,302.855000,100
2019-10-30 14:14:53.264621056,2019-10-30 14:14:53.264601046,2773894,T,IEX,302.855000,100
2019-10-30 14:15:05.813157888,2019-10-30 14:15:05.813138815,2784167,T,IEX,302.910000,500
2019-10-30 14:15:05.813179904,2019-10-30 14:15:05.813161442,2784169,T,IEX,302.910000,100
2019-10-30 14:15:09.237803008,2019-10-30 14:15:09.237784009,2786782,T,IEX,302.910000,100
2019-10-30 14:15:10.54211072,2019-10-30 14:15:10.54188726,2787545,T,IEX,302.890000,1
2019-10-30 14:15:17.71043072,2019-10-30 14:15:17.71022193,2792203,T,IEX,302.890000,6
2019-10-30 14:15:18.576310016,2019-10-30 14:15:18.576291179,2792947,T,IEX,302.890000,3
2019-10-30 14:15:18.584886016,2019-10-30 14:15:18.584864277,2792961,T,IEX,302.890000,16
2019-10-30 14:15:19.294746112,2019-10-30 14:15:19.294718377,2793350,T,IEX,302.895000,3
2019-10-30 14:15:19.301402112,2019-10-30 14:15:19.301384616,2793379,T,IEX,302.895000,1
